
  
  
  
  
  
  
  
  
  
  
  
  
 
  
  <record xsi:schemaLocation="http://www.loc.gov/MARC21/slim http://www.loc.gov/standards/marcxml/schema/MARC21slim.xsd">
      <leader>00000cam a22005771i 4500</leader>
      <controlfield tag="FMT">BK</controlfield>
      <controlfield tag="LDR">00000cam a22005771i 4500</controlfield>
      <controlfield tag="001">002412377</controlfield>
      <controlfield tag="003">OCoLC</controlfield>
      <controlfield tag="005">20180802111040.0</controlfield>
      <controlfield tag="008">770824m19681973fr a     b    000 0 fre</controlfield>
      <datafield tag="010" ind1=" " ind2=" ">
         <subfield code="a">75029761</subfield>
      </datafield>
      <datafield tag="015" ind1=" " ind2=" ">
         <subfield code="a">F68-12121 (v. 1)</subfield>
      </datafield>
      <datafield tag="035" ind1=" " ind2=" ">
         <subfield code="a">(OCoLC)394741</subfield>
         <subfield code="z">(OCoLC)937309</subfield>
         <subfield code="z">(OCoLC)42692416</subfield>
         <subfield code="z">(OCoLC)43089106</subfield>
         <subfield code="z">(OCoLC)671514873</subfield>
         <subfield code="z">(OCoLC)704493055</subfield>
         <subfield code="z">(OCoLC)829649085</subfield>
         <subfield code="z">(OCoLC)829649092</subfield>
         <subfield code="z">(OCoLC)829649111</subfield>
      </datafield>
      <datafield tag="040" ind1=" " ind2=" ">
         <subfield code="a">DLC</subfield>
         <subfield code="b">eng</subfield>
         <subfield code="c">DLC</subfield>
         <subfield code="d">MUQ</subfield>
         <subfield code="d">HJ0</subfield>
         <subfield code="d">BUF</subfield>
         <subfield code="d">ZWZ</subfield>
         <subfield code="d">GZM</subfield>
         <subfield code="d">NNG</subfield>
         <subfield code="d">XII</subfield>
         <subfield code="d">OCLCO</subfield>
         <subfield code="d">OCLCQ</subfield>
         <subfield code="d">OCLCO</subfield>
         <subfield code="d">UPX</subfield>
         <subfield code="d">OCLCF</subfield>
         <subfield code="d">RPY</subfield>
         <subfield code="d">EIS</subfield>
         <subfield code="d">DNV</subfield>
         <subfield code="d">CNUTO</subfield>
         <subfield code="d">CSF</subfield>
         <subfield code="d">PAU</subfield>
         <subfield code="d">EPT</subfield>
         <subfield code="d">ERD</subfield>
         <subfield code="d">UIU</subfield>
         <subfield code="d">TYC</subfield>
         <subfield code="d">CSA</subfield>
         <subfield code="d">RCE</subfield>
         <subfield code="d">J9U</subfield>
         <subfield code="d">DHA</subfield>
         <subfield code="d">MUX</subfield>
         <subfield code="d">NLC</subfield>
         <subfield code="d">OCLCQ</subfield>
         <subfield code="d">KIJ</subfield>
         <subfield code="d">OCLCQ</subfield>
         <subfield code="d">T9K</subfield>
         <subfield code="d">DDO</subfield>
         <subfield code="d">VTS</subfield>
         <subfield code="d">OCLCQ</subfield>
         <subfield code="d">TKN</subfield>
         <subfield code="d">CRU</subfield>
         <subfield code="d">ZYU</subfield>
      </datafield>
      <datafield tag="041" ind1="1" ind2=" ">
         <subfield code="a">fre</subfield>
         <subfield code="a">grc</subfield>
         <subfield code="h">grc</subfield>
      </datafield>
      <datafield tag="050" ind1="0" ind2="0">
         <subfield code="a">BD500</subfield>
         <subfield code="b">.C63</subfield>
      </datafield>
      <datafield tag="079" ind1=" " ind2=" ">
         <subfield code="a">(OCoLC)394741</subfield>
      </datafield>
      <datafield tag="082" ind1="0" ind2="4">
         <subfield code="a">913</subfield>
         <subfield code="b">C834t</subfield>
      </datafield>
      <datafield tag="084" ind1=" " ind2=" ">
         <subfield code="a">281.1</subfield>
      </datafield>
      <datafield tag="100" ind1="0" ind2=" ">
         <subfield code="a">Cosmas,</subfield>
         <subfield code="c">Indicopleustes,</subfield>
         <subfield code="d">active 6th century.</subfield>
      </datafield>
      <datafield tag="245" ind1="1" ind2="0">
         <subfield code="a">Topographie chrétienne /</subfield>
         <subfield code="c">Cosmas Indicopleustès ; introduction, texte critique, illustration, traduction et notes par Wanda Wolska-Conus ... Préface de Paul Lemerle ...</subfield>
      </datafield>
      <datafield tag="264" ind1=" " ind2="1">
         <subfield code="a">Paris :</subfield>
         <subfield code="b">Éditions du Cerf,</subfield>
         <subfield code="c">1968-1973.</subfield>
      </datafield>
      <datafield tag="300" ind1=" " ind2=" ">
         <subfield code="a">3 volumes :</subfield>
         <subfield code="b">illustrations ;</subfield>
         <subfield code="c">19 cm.</subfield>
      </datafield>
      <datafield tag="336" ind1=" " ind2=" ">
         <subfield code="a">text</subfield>
         <subfield code="b">txt</subfield>
         <subfield code="2">rdacontent</subfield>
      </datafield>
      <datafield tag="337" ind1=" " ind2=" ">
         <subfield code="a">unmediated</subfield>
         <subfield code="b">n</subfield>
         <subfield code="2">rdamedia</subfield>
      </datafield>
      <datafield tag="338" ind1=" " ind2=" ">
         <subfield code="a">volume</subfield>
         <subfield code="b">nc</subfield>
         <subfield code="2">rdacarrier</subfield>
      </datafield>
      <datafield tag="490" ind1="1" ind2=" ">
         <subfield code="a">Sources chrétiennes ;</subfield>
         <subfield code="v">141, 159, 197</subfield>
      </datafield>
      <datafield tag="500" ind1=" " ind2=" ">
         <subfield code="a">ISAW copy is from the library of Nina Garsoïan.</subfield>
         <subfield code="5">NyNyUAW</subfield>
      </datafield>
      <datafield tag="583" ind1="1" ind2=" ">
         <subfield code="a">committed to retain</subfield>
         <subfield code="c">20160630</subfield>
         <subfield code="d">20310630</subfield>
         <subfield code="f">EAST</subfield>
         <subfield code="h">Elmer Holmes Bobst Library</subfield>
         <subfield code="z">This title retained by New York University Libraries on behalf of the Eastern Academic Scholars Trust (EAST)</subfield>
         <subfield code="5">NNU</subfield>
      </datafield>
      <datafield tag="546" ind1=" " ind2=" ">
         <subfield code="a">Greek text and French translation of Christianikē topographia, with commentary in French.</subfield>
      </datafield>
      <datafield tag="504" ind1=" " ind2=" ">
         <subfield code="a">Includes bibliographical references (v. 1, pages 246-249).</subfield>
      </datafield>
      <datafield tag="505" ind1="0" ind2=" ">
         <subfield code="a">1. Livres I-IV -- 2. Livre V -- 3. Livres VI-XII. Index.</subfield>
      </datafield>
      <datafield tag="630" ind1="0" ind2="6">
         <subfield code="a">Bible</subfield>
         <subfield code="x">Commentaires.</subfield>
      </datafield>
      <datafield tag="650" ind1=" " ind2="0">
         <subfield code="a">Geography, Ancient.</subfield>
      </datafield>
      <datafield tag="650" ind1=" " ind2="0">
         <subfield code="a">Voyages and travels.</subfield>
      </datafield>
      <datafield tag="650" ind1=" " ind2="7">
         <subfield code="a">Géographie antique</subfield>
         <subfield code="x">Ouvrages avant 1800.</subfield>
         <subfield code="2">ram</subfield>
      </datafield>
      <datafield tag="650" ind1=" " ind2="7">
         <subfield code="a">Établissements religieux.</subfield>
         <subfield code="2">ram</subfield>
      </datafield>
      <datafield tag="650" ind1=" " ind2="7">
         <subfield code="a">Topographie.</subfield>
         <subfield code="2">ram</subfield>
      </datafield>
      <datafield tag="700" ind1="1" ind2=" ">
         <subfield code="a">Wolska-Conus, Wanda.</subfield>
      </datafield>
      <datafield tag="700" ind1="1" ind2=" ">
         <subfield code="a">Garsoïan, Nina G.,</subfield>
         <subfield code="d">1923-</subfield>
         <subfield code="e">former owner.</subfield>
         <subfield code="5">NyNyUAW</subfield>
      </datafield>
      <datafield tag="740" ind1="0" ind2=" ">
         <subfield code="a">Garsoïan Collection.</subfield>
         <subfield code="5">NyNyUAW</subfield>
      </datafield>
      <datafield tag="700" ind1="0" ind2=" ">
         <subfield code="i">Container of (work):</subfield>
         <subfield code="a">Cosmas,</subfield>
         <subfield code="c">Indicopleustes,</subfield>
         <subfield code="d">active 6th century.</subfield>
         <subfield code="t">Christian topography.</subfield>
      </datafield>
      <datafield tag="700" ind1="0" ind2=" ">
         <subfield code="i">Container of (expression)</subfield>
         <subfield code="a">Cosmas,</subfield>
         <subfield code="c">Indicopleustes,</subfield>
         <subfield code="d">active 6th century.</subfield>
         <subfield code="t">Christian topography.</subfield>
         <subfield code="l">French.</subfield>
      </datafield>
      <datafield tag="776" ind1="0" ind2="8">
         <subfield code="i">Online version:</subfield>
         <subfield code="a">Cosmas, Indicopleustes, active 6th cent.</subfield>
         <subfield code="t">Topographie chrétienne .</subfield>
         <subfield code="d">Paris, Éditions du Cerf, 1968-</subfield>
         <subfield code="w">(OCoLC)579257981</subfield>
      </datafield>
      <datafield tag="776" ind1="0" ind2="8">
         <subfield code="i">Online version:</subfield>
         <subfield code="a">Cosmas, Indicopleustes, active 6th cent.</subfield>
         <subfield code="t">Topographie chrétienne .</subfield>
         <subfield code="d">Paris, Éditions du Cerf, 1968-</subfield>
         <subfield code="w">(OCoLC)607867626</subfield>
      </datafield>
      <datafield tag="830" ind1=" " ind2="0">
         <subfield code="a">Sources chrétiennes ;</subfield>
         <subfield code="v">no 141.</subfield>
      </datafield>
      <datafield tag="830" ind1=" " ind2="0">
         <subfield code="a">Sources chrétiennes ;</subfield>
         <subfield code="v">no 159.</subfield>
      </datafield>
      <datafield tag="830" ind1=" " ind2="0">
         <subfield code="a">Sources chrétiennes ;</subfield>
         <subfield code="v">no 197.</subfield>
      </datafield>
      <datafield tag="OWN" ind1=" " ind2=" ">
         <subfield code="a">GENERAL</subfield>
      </datafield>
      <datafield tag="950" ind1=" " ind2=" ">
         <subfield code="l">IFAM</subfield>
         <subfield code="a">G87.C62</subfield>
         <subfield code="b">W6</subfield>
         <subfield code="h">01/01/01 N</subfield>
      </datafield>
      <datafield tag="950" ind1=" " ind2=" ">
         <subfield code="l">BMAIN</subfield>
         <subfield code="a">G87.C62</subfield>
         <subfield code="b">W6</subfield>
         <subfield code="n">455:sl Unanalyzed</subfield>
         <subfield code="i">03/07/85 C</subfield>
      </datafield>
      <datafield tag="955" ind1=" " ind2=" ">
         <subfield code="l">BMAIN</subfield>
         <subfield code="c">1:v.3</subfield>
         <subfield code="q">0394741-B-2</subfield>
         <subfield code="r">010461864</subfield>
         <subfield code="i">03/07/85 C</subfield>
      </datafield>
      <datafield tag="955" ind1=" " ind2=" ">
         <subfield code="l">BMAIN</subfield>
         <subfield code="c">1:v.2</subfield>
         <subfield code="q">0394741-B-2</subfield>
         <subfield code="r">010461849</subfield>
         <subfield code="i">03/07/85 C</subfield>
      </datafield>
      <datafield tag="955" ind1=" " ind2=" ">
         <subfield code="l">BMAIN</subfield>
         <subfield code="c">1:v.1</subfield>
         <subfield code="q">0394741-B-2</subfield>
         <subfield code="r">010461856</subfield>
         <subfield code="i">03/07/85 C</subfield>
      </datafield>
      <datafield tag="AVA" ind1=" " ind2=" ">
         <subfield code="a">NYU50</subfield>
         <subfield code="b">BOBST</subfield>
         <subfield code="c">Main Collection</subfield>
         <subfield code="d">G87.C62 W6</subfield>
         <subfield code="e">available</subfield>
         <subfield code="t">Available</subfield>
         <subfield code="f">3</subfield>
         <subfield code="g">0</subfield>
         <subfield code="h">Y</subfield>
         <subfield code="i">0</subfield>
         <subfield code="j">MAIN</subfield>
         <subfield code="k">0</subfield>
      </datafield>
      <datafield tag="AVA" ind1=" " ind2=" ">
         <subfield code="a">NYU50</subfield>
         <subfield code="b">NIFA</subfield>
         <subfield code="c">Main Collection</subfield>
         <subfield code="d">G87.C62 W6 Non-circulating</subfield>
         <subfield code="e">available</subfield>
         <subfield code="t">Available</subfield>
         <subfield code="f">3</subfield>
         <subfield code="g">0</subfield>
         <subfield code="h">Y</subfield>
         <subfield code="i">0</subfield>
         <subfield code="j">MAIN</subfield>
         <subfield code="k">0</subfield>
      </datafield>
      <datafield tag="AVA" ind1=" " ind2=" ">
         <subfield code="a">NYU50</subfield>
         <subfield code="b">NISAW</subfield>
         <subfield code="c">Small Collection</subfield>
         <subfield code="d">G87.C62 W6 1968 Non-circulating</subfield>
         <subfield code="e">available</subfield>
         <subfield code="t">Available</subfield>
         <subfield code="f">3</subfield>
         <subfield code="g">0</subfield>
         <subfield code="h">Y</subfield>
         <subfield code="i">0</subfield>
         <subfield code="j">SMALL</subfield>
         <subfield code="k">0</subfield>
      </datafield>
      <marc:datafield tag="852" ind1=" " ind2=" ">
         <marc:subfield code="b">Institute for the Study of the Ancient World, </marc:subfield>
         <marc:subfield code="c">Small Collection</marc:subfield>
         <marc:subfield code="e">15 East 84th St., </marc:subfield>
         <marc:subfield code="e">New York, NY  10028</marc:subfield>
      </marc:datafield>
   </record>