
  
  
  
  
  
  
  
  
  
  
  
  
  
  
  
 
  
  <record xsi:schemaLocation="http://www.loc.gov/MARC21/slim http://www.loc.gov/standards/marcxml/schema/MARC21slim.xsd">
      <leader>00000cam a22012374a 4500</leader>
      <controlfield tag="FMT">BK</controlfield>
      <controlfield tag="LDR">00000cam a22012374a 4500</controlfield>
      <controlfield tag="001">000577215</controlfield>
      <controlfield tag="003">OCoLC</controlfield>
      <controlfield tag="005">20180803135928.0</controlfield>
      <controlfield tag="008">060330m20069999be abe   b    000 0 fre</controlfield>
      <datafield tag="010" ind1=" " ind2=" ">
         <subfield code="a">2006046036</subfield>
      </datafield>
      <datafield tag="020" ind1=" " ind2=" ">
         <subfield code="a">9042917962</subfield>
         <subfield code="q">(v. 1 ;</subfield>
         <subfield code="q">alk. paper ;</subfield>
         <subfield code="q">Leuven)</subfield>
      </datafield>
      <datafield tag="020" ind1=" " ind2=" ">
         <subfield code="a">9789042917965</subfield>
         <subfield code="q">(v. 1 ;</subfield>
         <subfield code="q">alk. paper ;</subfield>
         <subfield code="q">Leuven)</subfield>
      </datafield>
      <datafield tag="020" ind1=" " ind2=" ">
         <subfield code="a">2877239411</subfield>
         <subfield code="q">(v. 1 ;</subfield>
         <subfield code="q">alk. paper ;</subfield>
         <subfield code="q">France)</subfield>
      </datafield>
      <datafield tag="020" ind1=" " ind2=" ">
         <subfield code="a">9782877239417</subfield>
         <subfield code="q">(v. 1 ;</subfield>
         <subfield code="q">alk. paper ;</subfield>
         <subfield code="q">France)</subfield>
      </datafield>
      <datafield tag="020" ind1=" " ind2=" ">
         <subfield code="a">9789042919488</subfield>
         <subfield code="q">(v. 2 ;</subfield>
         <subfield code="q">Leuven)</subfield>
      </datafield>
      <datafield tag="020" ind1=" " ind2=" ">
         <subfield code="a">9042919485</subfield>
         <subfield code="q">(v. 2 ;</subfield>
         <subfield code="q">Leuven)</subfield>
      </datafield>
      <datafield tag="020" ind1=" " ind2=" ">
         <subfield code="a">9782877239851</subfield>
         <subfield code="q">(v. 2 ;</subfield>
         <subfield code="q">France)</subfield>
      </datafield>
      <datafield tag="020" ind1=" " ind2=" ">
         <subfield code="a">2877239853</subfield>
         <subfield code="q">(v. 2 ;</subfield>
         <subfield code="q">France)</subfield>
      </datafield>
      <datafield tag="020" ind1=" " ind2=" ">
         <subfield code="a">9789042920897</subfield>
         <subfield code="q">(v. 3 ;</subfield>
         <subfield code="q">alk. paper ;</subfield>
         <subfield code="q">Leuven)</subfield>
      </datafield>
      <datafield tag="020" ind1=" " ind2=" ">
         <subfield code="a">9042920890</subfield>
         <subfield code="q">(v. 3 ;</subfield>
         <subfield code="q">alk. paper ;</subfield>
         <subfield code="q">Leuven)</subfield>
      </datafield>
      <datafield tag="020" ind1=" " ind2=" ">
         <subfield code="a">9782758400325</subfield>
         <subfield code="q">(v. 3 ;</subfield>
         <subfield code="q">alk. paper ;</subfield>
         <subfield code="q">France)</subfield>
      </datafield>
      <datafield tag="020" ind1=" " ind2=" ">
         <subfield code="a">2758400324</subfield>
         <subfield code="q">(v. 3 ;</subfield>
         <subfield code="q">alk. paper ;</subfield>
         <subfield code="q">France)</subfield>
      </datafield>
      <datafield tag="020" ind1=" " ind2=" ">
         <subfield code="a">9789042936331</subfield>
         <subfield code="q">(v. 4 ;</subfield>
         <subfield code="q">Leuven)</subfield>
      </datafield>
      <datafield tag="020" ind1=" " ind2=" ">
         <subfield code="a">9042936339</subfield>
         <subfield code="q">(v. 4 ;</subfield>
         <subfield code="q">Leuven)</subfield>
      </datafield>
      <datafield tag="020" ind1=" " ind2=" ">
         <subfield code="a">9782758402954</subfield>
         <subfield code="q">(v. 4 ;</subfield>
         <subfield code="q">France)</subfield>
      </datafield>
      <datafield tag="020" ind1=" " ind2=" ">
         <subfield code="a">2758402955</subfield>
         <subfield code="q">(v. 4 ;</subfield>
         <subfield code="q">France)</subfield>
      </datafield>
      <datafield tag="020" ind1=" " ind2=" ">
         <subfield code="a">9789042936348</subfield>
         <subfield code="q">(v. 5 ;</subfield>
         <subfield code="q">Leuven)</subfield>
      </datafield>
      <datafield tag="020" ind1=" " ind2=" ">
         <subfield code="a">9042936347</subfield>
         <subfield code="q">(v. 5 ;</subfield>
         <subfield code="q">Leuven)</subfield>
      </datafield>
      <datafield tag="020" ind1=" " ind2=" ">
         <subfield code="a">9782758402961</subfield>
         <subfield code="q">(v. 5 ;</subfield>
         <subfield code="q">France)</subfield>
      </datafield>
      <datafield tag="020" ind1=" " ind2=" ">
         <subfield code="a">2758402963</subfield>
         <subfield code="q">(v. 5 ;</subfield>
         <subfield code="q">France)</subfield>
      </datafield>
      <datafield tag="020" ind1=" " ind2=" ">
         <subfield code="a">9789042936355</subfield>
         <subfield code="q">(v. 6 ;</subfield>
         <subfield code="q">Leuven)</subfield>
      </datafield>
      <datafield tag="020" ind1=" " ind2=" ">
         <subfield code="a">9042936355</subfield>
         <subfield code="q">(v. 6 ;</subfield>
         <subfield code="q">Leuven)</subfield>
      </datafield>
      <datafield tag="020" ind1=" " ind2=" ">
         <subfield code="a">9782758402978</subfield>
         <subfield code="q">(v. 6 ;</subfield>
         <subfield code="q">France)</subfield>
      </datafield>
      <datafield tag="020" ind1=" " ind2=" ">
         <subfield code="a">2758402971</subfield>
         <subfield code="q">(v. 6 ;</subfield>
         <subfield code="q">France)</subfield>
      </datafield>
      <datafield tag="020" ind1=" " ind2=" ">
         <subfield code="a">9789042936362</subfield>
         <subfield code="q">(v. 7 ;</subfield>
         <subfield code="q">Leuven)</subfield>
      </datafield>
      <datafield tag="020" ind1=" " ind2=" ">
         <subfield code="a">9042936363</subfield>
         <subfield code="q">(v. 7 ;</subfield>
         <subfield code="q">Leuven)</subfield>
      </datafield>
      <datafield tag="020" ind1=" " ind2=" ">
         <subfield code="a">9782758402985</subfield>
         <subfield code="q">(v. 7 ;</subfield>
         <subfield code="q">France)</subfield>
      </datafield>
      <datafield tag="020" ind1=" " ind2=" ">
         <subfield code="a">275840298X</subfield>
         <subfield code="q">(v. 7 ;</subfield>
         <subfield code="q">France)</subfield>
      </datafield>
      <datafield tag="020" ind1=" " ind2=" ">
         <subfield code="a">9789042936379</subfield>
         <subfield code="q">(v. 8 ;</subfield>
         <subfield code="q">Leuven)</subfield>
      </datafield>
      <datafield tag="020" ind1=" " ind2=" ">
         <subfield code="a">9042936371</subfield>
         <subfield code="q">(v. 8 ;</subfield>
         <subfield code="q">Leuven)</subfield>
      </datafield>
      <datafield tag="020" ind1=" " ind2=" ">
         <subfield code="a">9782758402992</subfield>
         <subfield code="q">(v. 8 ;</subfield>
         <subfield code="q">France)</subfield>
      </datafield>
      <datafield tag="020" ind1=" " ind2=" ">
         <subfield code="a">2758402998</subfield>
         <subfield code="q">(v. 8 ;</subfield>
         <subfield code="q">France)</subfield>
      </datafield>
      <datafield tag="035" ind1=" " ind2=" ">
         <subfield code="a">(OCoLC)67405720</subfield>
         <subfield code="z">(OCoLC)233544176</subfield>
         <subfield code="z">(OCoLC)798210504</subfield>
         <subfield code="z">(OCoLC)859230874</subfield>
         <subfield code="z">(OCoLC)894132945</subfield>
         <subfield code="z">(OCoLC)895021340</subfield>
      </datafield>
      <datafield tag="040" ind1=" " ind2=" ">
         <subfield code="a">DLC</subfield>
         <subfield code="b">eng</subfield>
         <subfield code="c">DLC</subfield>
         <subfield code="d">BTCTA</subfield>
         <subfield code="d">BAKER</subfield>
         <subfield code="d">YDXCP</subfield>
         <subfield code="d">YUS</subfield>
         <subfield code="d">OHX</subfield>
         <subfield code="d">BWX</subfield>
         <subfield code="d">CDX</subfield>
         <subfield code="d">ERASA</subfield>
         <subfield code="d">IG#</subfield>
         <subfield code="d">OCLCQ</subfield>
         <subfield code="d">LUN</subfield>
         <subfield code="d">OCLCQ</subfield>
         <subfield code="d">COO</subfield>
         <subfield code="d">OCLCF</subfield>
         <subfield code="d">OCL</subfield>
         <subfield code="d">UAB</subfield>
         <subfield code="d">NNU</subfield>
      </datafield>
      <datafield tag="041" ind1="0" ind2=" ">
         <subfield code="a">fre</subfield>
         <subfield code="b">ara</subfield>
         <subfield code="h">akk</subfield>
      </datafield>
      <datafield tag="042" ind1=" " ind2=" ">
         <subfield code="a">pcc</subfield>
      </datafield>
      <datafield tag="043" ind1=" " ind2=" ">
         <subfield code="a">a-sy---</subfield>
      </datafield>
      <datafield tag="050" ind1="0" ind2="0">
         <subfield code="a">GN776.3.H34</subfield>
         <subfield code="b">C43 2006</subfield>
      </datafield>
      <datafield tag="082" ind1="0" ind2="0">
         <subfield code="a">939/.43</subfield>
         <subfield code="2">22</subfield>
      </datafield>
      <datafield tag="090" ind1=" " ind2=" ">
         <subfield code="a">DS99.C43</subfield>
         <subfield code="b">C43</subfield>
      </datafield>
      <datafield tag="245" ind1="0" ind2="0">
         <subfield code="a">Chagar Bazar (Syrie) /</subfield>
         <subfield code="c">édité par Önhan Tunca &amp; Abd el-Massih Baghdo ; avec la collaboration de Walter Cruells.</subfield>
      </datafield>
      <datafield tag="246" ind1="1" ind2="5">
         <subfield code="a">Shāghar Bāzār (Sūrīyah)</subfield>
      </datafield>
      <datafield tag="260" ind1=" " ind2=" ">
         <subfield code="a">Louvain ;</subfield>
         <subfield code="a">Dudley, MA :</subfield>
         <subfield code="b">Peeters,</subfield>
         <subfield code="c">2006-&lt;2018&gt;</subfield>
      </datafield>
      <datafield tag="300" ind1=" " ind2=" ">
         <subfield code="a">volumes &lt;1-8&gt; :</subfield>
         <subfield code="b">illustrations, maps, plans ;</subfield>
         <subfield code="c">30 cm.</subfield>
      </datafield>
      <datafield tag="336" ind1=" " ind2=" ">
         <subfield code="a">text</subfield>
         <subfield code="b">txt</subfield>
         <subfield code="2">rdacontent</subfield>
      </datafield>
      <datafield tag="337" ind1=" " ind2=" ">
         <subfield code="a">unmediated</subfield>
         <subfield code="b">n</subfield>
         <subfield code="2">rdamedia</subfield>
      </datafield>
      <datafield tag="338" ind1=" " ind2=" ">
         <subfield code="a">volume</subfield>
         <subfield code="b">nc</subfield>
         <subfield code="2">rdacarrier</subfield>
      </datafield>
      <datafield tag="490" ind1="1" ind2=" ">
         <subfield code="a">A.P.H.A.O. ;</subfield>
         <subfield code="v">6. Publications de la Mission archéologique de l'Université de Liège en Syrie</subfield>
      </datafield>
      <datafield tag="583" ind1="1" ind2=" ">
         <subfield code="a">committed to retain</subfield>
         <subfield code="c">20160630</subfield>
         <subfield code="d">20310630</subfield>
         <subfield code="f">EAST</subfield>
         <subfield code="h">Elmer Holmes Bobst Library</subfield>
         <subfield code="z">This title retained by New York University Libraries on behalf of the Eastern Academic Scholars Trust (EAST)</subfield>
         <subfield code="5">NNU</subfield>
      </datafield>
      <datafield tag="546" ind1=" " ind2=" ">
         <subfield code="a">Added title pages in Arabic; vols. 2-3 include a summary in Arabic; vol. 3 includes texts in romanized Akkadian with parallel French translation.</subfield>
      </datafield>
      <datafield tag="504" ind1=" " ind2=" ">
         <subfield code="a">Includes bibliographical references.</subfield>
      </datafield>
      <datafield tag="505" ind1="0" ind2="0">
         <subfield code="g">1.</subfield>
         <subfield code="t">Les sondages préhistoriques (1991-2001) /</subfield>
         <subfield code="r">édité par Önhan Tunca &amp; Abd el-Massih Baghdo avec la collaboration de Walter Cruells --</subfield>
         <subfield code="g">2.</subfield>
         <subfield code="t">Les vestiges "post-akkadiens" du chantier D et études diverses /</subfield>
         <subfield code="r">édité par Önhan Tunca, Augusta McMahon &amp; Abd el-Massih Baghdo --</subfield>
         <subfield code="g">3.</subfield>
         <subfield code="t">Les trouvailles épigraphiques et sigillographiques du chantier I (2000-2002) /</subfield>
         <subfield code="r">édité par Önhan Tunca &amp; Abd el-Massih Baghdo --</subfield>
         <subfield code="g">4.</subfield>
         <subfield code="t">Les tombes ordinaires de l'âge du bronze ancien et moyen des Chantiers D-F-H-I (1999-2011): Étude archéologique /</subfield>
         <subfield code="r">édité par Önhan Tunca &amp; Abd el-Massih Baghdo avec la collaboration de Sophie Léon --</subfield>
         <subfield code="g">5.</subfield>
         <subfield code="t">Les tombes ordinaires de l'âge du bronze ancien et moyen des Chantiers D-F-H-I (1999-2011): La poterie /</subfield>
         <subfield code="r">Önhan Tunca &amp; Juliette Mas --</subfield>
         <subfield code="g">6.</subfield>
         <subfield code="t">Les tombes ordinaires de l'âge du bronze ancien et moyen des Chantiers D-F-H-I (1999-2011): Les objets /</subfield>
         <subfield code="r">Sophie Léon ; avec une contribution d'Ilya Arkhipov --</subfield>
         <subfield code="g">7.</subfield>
         <subfield code="t">Les tombes ordinaires de l'âge du bronze ancien et moyen des Chantiers D-F-H-I (1999-2011): Les ossements /</subfield>
         <subfield code="r">Jean-Marie Cordy &amp; Rania Ali --</subfield>
         <subfield code="g">8.</subfield>
         <subfield code="t">Les tombes ordinaires de l'âge du bronze ancien et moyen des Chantiers D-F-H-I (1999-2011): Études diverses /</subfield>
         <subfield code="r">édité par Önhan Tunca &amp; Abd el-Massih Baghdo.</subfield>
      </datafield>
      <datafield tag="651" ind1=" " ind2="0">
         <subfield code="a">Chagar Bazar, Tall (Syria)</subfield>
      </datafield>
      <datafield tag="650" ind1=" " ind2="0">
         <subfield code="a">Halaf culture</subfield>
         <subfield code="z">Syria</subfield>
         <subfield code="z">ʻĀmūdah Region.</subfield>
      </datafield>
      <datafield tag="650" ind1=" " ind2="0">
         <subfield code="a">Bronze Age</subfield>
         <subfield code="z">Syria</subfield>
         <subfield code="z">ʻĀmūdah Region.</subfield>
      </datafield>
      <datafield tag="650" ind1=" " ind2="0">
         <subfield code="a">Pottery, Prehistoric</subfield>
         <subfield code="z">Syria</subfield>
         <subfield code="z">ʻĀmūdah Region.</subfield>
      </datafield>
      <datafield tag="650" ind1=" " ind2="0">
         <subfield code="a">Excavations (Archaeology)</subfield>
         <subfield code="z">Syria</subfield>
         <subfield code="z">ʻĀmūdah Region.</subfield>
      </datafield>
      <datafield tag="650" ind1=" " ind2="0">
         <subfield code="a">Excavations (Archaeology)</subfield>
         <subfield code="z">Syria</subfield>
         <subfield code="z">Chagar Bazar, Tall</subfield>
      </datafield>
      <datafield tag="651" ind1=" " ind2="0">
         <subfield code="a">ʻĀmūdah Region (Syria)</subfield>
         <subfield code="x">Antiquities.</subfield>
      </datafield>
      <datafield tag="651" ind1=" " ind2="7">
         <subfield code="a">Ašnakkum.</subfield>
         <subfield code="2">pleiades</subfield>
         <subfield code="0">https://pleiades.stoa.org/places/480215077</subfield>
         <subfield code="5">NyNyUAW</subfield>
      </datafield>
      <datafield tag="650" ind1=" " ind2="7">
         <subfield code="a">Antiquities.</subfield>
         <subfield code="2">fast</subfield>
         <subfield code="0">(OCoLC)fst00810745</subfield>
      </datafield>
      <datafield tag="650" ind1=" " ind2="7">
         <subfield code="a">Excavations (Archaeology)</subfield>
         <subfield code="2">fast</subfield>
         <subfield code="0">(OCoLC)fst00917564</subfield>
      </datafield>
      <datafield tag="650" ind1=" " ind2="7">
         <subfield code="a">Halaf culture.</subfield>
         <subfield code="2">fast</subfield>
         <subfield code="0">(OCoLC)fst00950518</subfield>
      </datafield>
      <datafield tag="650" ind1=" " ind2="7">
         <subfield code="a">Pottery, Prehistoric.</subfield>
         <subfield code="2">fast</subfield>
         <subfield code="0">(OCoLC)fst01073854</subfield>
      </datafield>
      <datafield tag="651" ind1=" " ind2="7">
         <subfield code="a">Syria</subfield>
         <subfield code="z">Tall Chagar Bazar.</subfield>
         <subfield code="2">fast</subfield>
         <subfield code="0">(OCoLC)fst01891489</subfield>
      </datafield>
      <datafield tag="700" ind1="1" ind2=" ">
         <subfield code="a">Tunca, Ö.</subfield>
      </datafield>
      <datafield tag="700" ind1="1" ind2=" ">
         <subfield code="a">Baghdo, Abd el-Massih.</subfield>
      </datafield>
      <datafield tag="700" ind1="1" ind2=" ">
         <subfield code="a">Cruells, Walter.</subfield>
      </datafield>
      <datafield tag="700" ind1="1" ind2=" ">
         <subfield code="a">McMahon, Augusta.</subfield>
      </datafield>
      <datafield tag="700" ind1="1" ind2=" ">
         <subfield code="a">Léon, Sophie.</subfield>
      </datafield>
      <datafield tag="700" ind1="1" ind2=" ">
         <subfield code="a">Mas, Juliette.</subfield>
      </datafield>
      <datafield tag="700" ind1="1" ind2=" ">
         <subfield code="a">Cordy, Jean-Marie.</subfield>
      </datafield>
      <datafield tag="700" ind1="1" ind2=" ">
         <subfield code="a">Ali, Rania.</subfield>
      </datafield>
      <datafield tag="830" ind1=" " ind2="0">
         <subfield code="a">Association pour la promotion de l'histoire et de l'archéologie orientales (Series) ;</subfield>
         <subfield code="v">6.</subfield>
      </datafield>
      <datafield tag="830" ind1=" " ind2="0">
         <subfield code="a">Association pour la promotion de l'histoire et de l'archéologie orientales (Series).</subfield>
         <subfield code="p">Publications de la Mission archéologique de l'Université de Liège en Syrie.</subfield>
      </datafield>
      <datafield tag="OWN" ind1=" " ind2=" ">
         <subfield code="a">GENERAL</subfield>
      </datafield>
      <datafield tag="AVA" ind1=" " ind2=" ">
         <subfield code="a">NYU50</subfield>
         <subfield code="b">BOBST</subfield>
         <subfield code="c">Main Collection</subfield>
         <subfield code="d">GN776.3.H34 C43 2006 Oversize</subfield>
         <subfield code="e">available</subfield>
         <subfield code="t">Available</subfield>
         <subfield code="f">1</subfield>
         <subfield code="g">0</subfield>
         <subfield code="h">N</subfield>
         <subfield code="i">1</subfield>
         <subfield code="j">MAIN</subfield>
         <subfield code="k">0</subfield>
      </datafield>
      <datafield tag="AVA" ind1=" " ind2=" ">
         <subfield code="a">NYU50</subfield>
         <subfield code="b">NISAW</subfield>
         <subfield code="c">Large Collection</subfield>
         <subfield code="d">DS99.C43 C43 Non-circulating</subfield>
         <subfield code="e">available</subfield>
         <subfield code="t">Available</subfield>
         <subfield code="f">7</subfield>
         <subfield code="g">0</subfield>
         <subfield code="h">Y</subfield>
         <subfield code="i">0</subfield>
         <subfield code="j">LARGE</subfield>
         <subfield code="k">0</subfield>
      </datafield>
      <marc:datafield tag="852" ind1=" " ind2=" ">
         <marc:subfield code="b">Institute for the Study of the Ancient World, </marc:subfield>
         <marc:subfield code="c">Large Collection</marc:subfield>
         <marc:subfield code="e">15 East 84th St., </marc:subfield>
         <marc:subfield code="e">New York, NY  10028</marc:subfield>
      </marc:datafield>
   </record>