
  
  
  
  
  
  
  
 
  
  <record xsi:schemaLocation="http://www.loc.gov/MARC21/slim http://www.loc.gov/standards/marcxml/schema/MARC21slim.xsd">
      <leader>00000nam a22     Ii 4500</leader>
      <controlfield tag="FMT">BK</controlfield>
      <controlfield tag="LDR">00000nam a22     Ii 4500</controlfield>
      <controlfield tag="001">006269511</controlfield>
      <controlfield tag="005">20180816093935.0</controlfield>
      <controlfield tag="008">180806t20132013gw abe f bc   000 0 ger d</controlfield>
      <datafield tag="020" ind1=" " ind2=" ">
         <subfield code="a">9783863120603</subfield>
         <subfield code="q">(Primus Verlag)</subfield>
      </datafield>
      <datafield tag="020" ind1=" " ind2=" ">
         <subfield code="a">3863120604</subfield>
         <subfield code="q">(Primus Verlag)</subfield>
      </datafield>
      <datafield tag="020" ind1=" " ind2=" ">
         <subfield code="a">9783534262168</subfield>
         <subfield code="q">(Lizenzausgabe für die WBG)</subfield>
      </datafield>
      <datafield tag="020" ind1=" " ind2=" ">
         <subfield code="a">3534262166</subfield>
         <subfield code="q">(Lizenzausgabe für die WBG)</subfield>
      </datafield>
      <datafield tag="035" ind1=" " ind2=" ">
         <subfield code="a">(OCoLC)1047731272</subfield>
      </datafield>
      <datafield tag="040" ind1=" " ind2=" ">
         <subfield code="a">ZYU</subfield>
         <subfield code="b">eng</subfield>
         <subfield code="e">rda</subfield>
         <subfield code="c">ZYU</subfield>
         <subfield code="d">ZYU</subfield>
      </datafield>
      <datafield tag="050" ind1=" " ind2="4">
         <subfield code="a">DK508.9.K78</subfield>
         <subfield code="b">K734 2013</subfield>
      </datafield>
      <datafield tag="079" ind1=" " ind2=" ">
         <subfield code="a">(OCoLC)1047731272</subfield>
      </datafield>
      <datafield tag="245" ind1="0" ind2="4">
         <subfield code="a">Die Krim :</subfield>
         <subfield code="b">goldene Insel im Schwarzen Meer : Griechen - Skythen - Goten /</subfield>
         <subfield code="c">Herausgeber: LVR-LandesMuseum Bonn.</subfield>
      </datafield>
      <datafield tag="264" ind1=" " ind2="1">
         <subfield code="a">Darmstadt :</subfield>
         <subfield code="b">Primus Verlag,</subfield>
         <subfield code="c">[2013]</subfield>
      </datafield>
      <datafield tag="264" ind1=" " ind2="4">
         <subfield code="c">©2013</subfield>
      </datafield>
      <datafield tag="300" ind1=" " ind2=" ">
         <subfield code="a">460 pages :</subfield>
         <subfield code="b">color illustrations, color maps, plans ;</subfield>
         <subfield code="c">30 cm.</subfield>
      </datafield>
      <datafield tag="336" ind1=" " ind2=" ">
         <subfield code="a">text</subfield>
         <subfield code="b">txt</subfield>
         <subfield code="2">rdacontent</subfield>
      </datafield>
      <datafield tag="336" ind1=" " ind2=" ">
         <subfield code="a">still image</subfield>
         <subfield code="b">sti</subfield>
         <subfield code="2">rdacontent</subfield>
      </datafield>
      <datafield tag="337" ind1=" " ind2=" ">
         <subfield code="a">unmediated</subfield>
         <subfield code="b">n</subfield>
         <subfield code="2">rdamedia</subfield>
      </datafield>
      <datafield tag="338" ind1=" " ind2=" ">
         <subfield code="a">volume</subfield>
         <subfield code="b">nc</subfield>
         <subfield code="2">rdacarrier</subfield>
      </datafield>
      <datafield tag="500" ind1=" " ind2=" ">
         <subfield code="a">Catalog of an exhibition at the LVR-LandesMuseum Bonn, July 4, 2013-January 19, 2014.</subfield>
      </datafield>
      <datafield tag="504" ind1=" " ind2=" ">
         <subfield code="a">Includes bibliographical references.</subfield>
      </datafield>
      <datafield tag="505" ind1="0" ind2="0">
         <subfield code="g">Essays.</subfield>
         <subfield code="t">Die krim : Eine Einleitung /</subfield>
         <subfield code="r">Neal Ascherson --</subfield>
         <subfield code="t">Griechen und Barbaren /</subfield>
         <subfield code="r">Askold Ivantchik --</subfield>
         <subfield code="t">Barbarische Eliten im nördlichen Schwarzzmeerraum /</subfield>
         <subfield code="r">Valentina Mordvinceva --</subfield>
         <subfield code="t">Die Geschichte der Seidenstrasse in antiker Zeit /</subfield>
         <subfield code="r">Marek Jan Olbrycht --</subfield>
         <subfield code="t">Austauch und kommunikation durch die eurasischen Steppen in den Jarhunderten um Christi Geburt /</subfield>
         <subfield code="r">Ursula Brosseder --</subfield>
         <subfield code="t">Chinesische Lackschatullen aus der Nekropole von Ust'-Al'ma /</subfield>
         <subfield code="r">Jurij Zajcev --</subfield>
         <subfield code="t">Lackkunst aus dem Fernen Osten /</subfield>
         <subfield code="r">Masako Shono-Sladek --</subfield>
         <subfield code="t">Die Konservierung der chinesischen Lackkästen aus Ust'-Al'ma /</subfield>
         <subfield code="r">Fumio Okada und Kumiko Yamamoto --</subfield>
         <subfield code="t">Restaurierung und Rekonstruktion in traditioneller Lacktechnik /</subfield>
         <subfield code="r">Shōsai Kitamura und Shigeru Kitamura --</subfield>
         <subfield code="t">Die Lackkästchen aus der Grabung von Ust'-Al'ma : Eine Spurensuche /</subfield>
         <subfield code="r">Margarete Prüch --</subfield>
         <subfield code="t">Das Bosporanische Reich : Kornkammer Athens und Vorposten Roms /</subfield>
         <subfield code="r">Michael Schmauder --</subfield>
         <subfield code="t">Die griechischen Städte des Bosporanischen Reiches /</subfield>
         <subfield code="r">Viktor Zin'ko --</subfield>
         <subfield code="t">Mithridates VI. Eupator : Hannibal des Ostens /</subfield>
         <subfield code="r">Michael Schmaunder --</subfield>
         <subfield code="t">Die Heiligtümer des Krimgebirges in römischer Zeit /</subfield>
         <subfield code="r">Alexander Lysenko --</subfield>
         <subfield code="t">Die Goten und das Schwarze Meer /</subfield>
         <subfield code="r">Michael Schumauder.</subfield>
         <subfield code="g">Katalog.</subfield>
         <subfield code="t">Krim-Städte.</subfield>
         <subfield code="t">Pantikapaion : Die Hauptstadt des Bosporanischen Reiches /</subfield>
         <subfield code="r">Vladimir Tolstikov --</subfield>
         <subfield code="t">Die Chersonesos Taurica und ihr Bebauungsplan /</subfield>
         <subfield code="r">Alla Bujskich --</subfield>
         <subfield code="t">Neapolis Skythike /</subfield>
         <subfield code="r">Jurij Zajcev.</subfield>
         <subfield code="t">Krim-Heiligtümer.</subfield>
         <subfield code="t">Das Heiligtum am Pass Gurzufskoe Sedlo /</subfield>
         <subfield code="r">Natalia Noviĉenkova --</subfield>
         <subfield code="t">Das Heiligtum Eklizí-Burún in römischer Zeit /</subfield>
         <subfield code="r">Alexander Lysenko.</subfield>
      </datafield>
      <datafield tag="505" ind1="8" ind2="0">
         <subfield code="t">Krim-Gräberfelder des 2. Jahrhunderts v.Chr. bis zum späten 4. Jahrhunderts n.Chr : Von den Spätskythen bis zu den Hunnen.</subfield>
         <subfield code="t">Der Grabhügel von Nogajĉik /</subfield>
         <subfield code="r">Valentina Mordvinceva und Jurij Zajcev --</subfield>
         <subfield code="t">Ust'-Al'ma : Die Siedlung und Nekropole /</subfield>
         <subfield code="r">Alexander Puzdrovskij --</subfield>
         <subfield code="t">Die Nekropole von Levadki /</subfield>
         <subfield code="r">Sergej Muld --</subfield>
         <subfield code="t">Die Nekropoloe von Druẑnoe /</subfield>
         <subfield code="r">Igor Khrapunov.</subfield>
         <subfield code="t">Krim-Gräberfelder ab dem späten 4. Jahrhunderts n.Chr. : Volkerwanderung und Frühmittelalter.</subfield>
         <subfield code="t">Die Nekropole von Neisatz /</subfield>
         <subfield code="r">Igor Khrapunov --</subfield>
         <subfield code="t">Das Gold der Nekropole von Dẑurg-Oba /</subfield>
         <subfield code="r">Alexander Ermolin --</subfield>
         <subfield code="t">Die Hunnengräber in der Nekropole von Ust'-Al'ma /</subfield>
         <subfield code="r">Alexander Puzdrovskij --</subfield>
         <subfield code="t">Die Nekropole von Suvlu-Kaja /</subfield>
         <subfield code="r">Vyacheslav Masyakin, Alexey Voloshinov und Ivan Nenevolja --</subfield>
         <subfield code="t">Die Nekropole von Luĉistoe /</subfield>
         <subfield code="r">Alexander I. Aibabin.</subfield>
         <subfield code="t">Nördlichen Schwarzzmeergebiet.</subfield>
         <subfield code="t">Der Depotfund von Velikoploskoe /</subfield>
         <subfield code="r">Valentina Mordvinceva und Evgenija Redina --</subfield>
         <subfield code="t">Der Depotfund von Veselaja Dolina /</subfield>
         <subfield code="r">Valentina Mordvinceva und Evgenija Redina --</subfield>
         <subfield code="t">Der Depotfund von Bulachovka /</subfield>
         <subfield code="r">Valentina Mordvinceva --</subfield>
         <subfield code="t">Der Fund vom Kalmius /</subfield>
         <subfield code="r">Valentina Mordvinceva --</subfield>
         <subfield code="t">Der Grabhügel von Sokolova Mogila /</subfield>
         <subfield code="r">Tat'ana Šamina --</subfield>
         <subfield code="t">Das sarmatische Grab von Čuguno-Krepinka /</subfield>
         <subfield code="r">Evgenija Veličko.</subfield>
      </datafield>
      <datafield tag="651" ind1=" " ind2="0">
         <subfield code="a">Crimea (Ukraine)</subfield>
         <subfield code="x">Antiquities</subfield>
         <subfield code="v">Exhibitions.</subfield>
      </datafield>
      <datafield tag="651" ind1=" " ind2="0">
         <subfield code="a">Greece</subfield>
         <subfield code="x">Colonies</subfield>
         <subfield code="z">Ukraine</subfield>
         <subfield code="z">Crimea</subfield>
         <subfield code="v">Exhibitions.</subfield>
      </datafield>
      <datafield tag="651" ind1=" " ind2="0">
         <subfield code="a">Greece</subfield>
         <subfield code="x">Antiquities</subfield>
         <subfield code="v">Exhibitions.</subfield>
      </datafield>
      <datafield tag="650" ind1=" " ind2="0">
         <subfield code="a">Scythians</subfield>
         <subfield code="x">Antiquities</subfield>
         <subfield code="v">Exhibitions.</subfield>
      </datafield>
      <datafield tag="650" ind1=" " ind2="0">
         <subfield code="a">Scythians</subfield>
         <subfield code="z">Ukraine</subfield>
         <subfield code="z">Crimea</subfield>
         <subfield code="v">Exhibitions.</subfield>
      </datafield>
      <datafield tag="650" ind1=" " ind2="0">
         <subfield code="a">Goths</subfield>
         <subfield code="x">Antiquities</subfield>
         <subfield code="v">Exhibitions.</subfield>
      </datafield>
      <datafield tag="650" ind1=" " ind2="0">
         <subfield code="a">Goths</subfield>
         <subfield code="z">Ukraine</subfield>
         <subfield code="z">Crimea</subfield>
         <subfield code="v">Exhibitions.</subfield>
      </datafield>
      <datafield tag="651" ind1=" " ind2="7">
         <subfield code="a">Taurike Chersonesos.</subfield>
         <subfield code="2">pleiades</subfield>
         <subfield code="0">https://pleiades.stoa.org/places/226778</subfield>
      </datafield>
      <datafield tag="710" ind1="2" ind2=" ">
         <subfield code="a">LVR-LandesMuseum Bonn,</subfield>
         <subfield code="e">host institution,</subfield>
         <subfield code="e">issuing body.</subfield>
      </datafield>
      <datafield tag="OWN" ind1=" " ind2=" ">
         <subfield code="a">GENERAL</subfield>
      </datafield>
      <datafield tag="AVA" ind1=" " ind2=" ">
         <subfield code="a">NYU50</subfield>
         <subfield code="b">NISAW</subfield>
         <subfield code="c">Reserves</subfield>
         <subfield code="d">DK508.9.K78 K734 2013 Non-circulating</subfield>
         <subfield code="e">unavailable</subfield>
         <subfield code="t">Unavailable</subfield>
         <subfield code="f">1</subfield>
         <subfield code="g">1</subfield>
         <subfield code="h">N</subfield>
         <subfield code="i">0</subfield>
         <subfield code="j">AWRES</subfield>
         <subfield code="k">0</subfield>
      </datafield>
      <marc:datafield tag="852" ind1=" " ind2=" ">
         <marc:subfield code="b">Institute for the Study of the Ancient World, </marc:subfield>
         <marc:subfield code="c">Reserves</marc:subfield>
         <marc:subfield code="e">15 East 84th St., </marc:subfield>
         <marc:subfield code="e">New York, NY  10028</marc:subfield>
      </marc:datafield>
   </record>