
  
  
  
  
  
  
  
  
  
  
  
  
 
  
  <record xsi:schemaLocation="http://www.loc.gov/MARC21/slim http://www.loc.gov/standards/marcxml/schema/MARC21slim.xsd">
      <leader>00000cas a2200601 a 4500</leader>
      <controlfield tag="FMT">SE</controlfield>
      <controlfield tag="LDR">00000cas a2200601 a 4500</controlfield>
      <controlfield tag="001">002867014</controlfield>
      <controlfield tag="003">OCoLC</controlfield>
      <controlfield tag="005">20180807120459.0</controlfield>
      <controlfield tag="008">750806c19659999ru ar         0    0rusrc</controlfield>
      <datafield tag="010" ind1=" " ind2=" ">
         <subfield code="a">67045504</subfield>
      </datafield>
      <datafield tag="022" ind1=" " ind2=" ">
         <subfield code="a">0568-5621</subfield>
         <subfield code="l">0568-5621</subfield>
      </datafield>
      <datafield tag="035" ind1=" " ind2=" ">
         <subfield code="a">(OCoLC)1514156</subfield>
      </datafield>
      <datafield tag="040" ind1=" " ind2=" ">
         <subfield code="a">MUL</subfield>
         <subfield code="b">eng</subfield>
         <subfield code="c">MUL</subfield>
         <subfield code="d">COO</subfield>
         <subfield code="d">IUL</subfield>
         <subfield code="d">DLC</subfield>
         <subfield code="d">IUL</subfield>
         <subfield code="d">OCLCQ</subfield>
         <subfield code="d">WAU</subfield>
         <subfield code="d">IUL</subfield>
         <subfield code="d">OCLCQ</subfield>
         <subfield code="d">OCLCF</subfield>
         <subfield code="d">OCLCO</subfield>
         <subfield code="d">DLC</subfield>
         <subfield code="d">OCLCA</subfield>
      </datafield>
      <datafield tag="042" ind1=" " ind2=" ">
         <subfield code="a">pcc</subfield>
      </datafield>
      <datafield tag="043" ind1=" " ind2=" ">
         <subfield code="a">e-ur---</subfield>
      </datafield>
      <datafield tag="050" ind1="0" ind2="0">
         <subfield code="a">GN823.A1</subfield>
         <subfield code="b">A68</subfield>
      </datafield>
      <datafield tag="245" ind1="0" ind2="0">
         <subfield code="6">880-01</subfield>
         <subfield code="a">Arkheologicheskie otkrytii͡a ... goda /</subfield>
         <subfield code="c">Institut arkheologii Rossiĭskoĭ akademii nauk, Ministerstvo kulʹtury Rossiĭskoĭ Federat͡sii.</subfield>
      </datafield>
      <datafield tag="246" ind1="3" ind2="0">
         <subfield code="6">880-02</subfield>
         <subfield code="a">Arkheologicheskie otkrytii͡a</subfield>
      </datafield>
      <datafield tag="260" ind1=" " ind2=" ">
         <subfield code="6">880-03</subfield>
         <subfield code="a">Moskva :</subfield>
         <subfield code="b">Nauka</subfield>
      </datafield>
      <datafield tag="260" ind1="3" ind2=" ">
         <subfield code="6">880-04</subfield>
         <subfield code="3">&lt;2011-2015&gt;:</subfield>
         <subfield code="a">Moskva :</subfield>
         <subfield code="b">IA RAN</subfield>
      </datafield>
      <datafield tag="300" ind1=" " ind2=" ">
         <subfield code="a">v. :</subfield>
         <subfield code="b">ill., maps, plans ;</subfield>
         <subfield code="c">21 cm.</subfield>
      </datafield>
      <datafield tag="310" ind1=" " ind2=" ">
         <subfield code="a">Annual</subfield>
      </datafield>
      <datafield tag="362" ind1="1" ind2=" ">
         <subfield code="a">Began in 1965.</subfield>
      </datafield>
      <datafield tag="500" ind1=" " ind2=" ">
         <subfield code="a">ISAW copy (1970-1986) is from the library of Nina Garsoïan.</subfield>
         <subfield code="5">NyNyUAW</subfield>
      </datafield>
      <datafield tag="515" ind1=" " ind2=" ">
         <subfield code="a">Not published 1988-1992, 1996-1998.</subfield>
      </datafield>
      <datafield tag="515" ind1=" " ind2=" ">
         <subfield code="a">Some issues combined.</subfield>
      </datafield>
      <datafield tag="550" ind1=" " ind2=" ">
         <subfield code="6">880-05</subfield>
         <subfield code="a">Issued by: Institut arkheologii of Akademii͡a nauk SSSR, 1965-1987; Institut arkheologii Rossiĭskoĭ akademii nauk, 1993-&lt;2015&gt;</subfield>
      </datafield>
      <datafield tag="588" ind1=" " ind2=" ">
         <subfield code="a">Description based on: 1993.</subfield>
      </datafield>
      <datafield tag="588" ind1=" " ind2=" ">
         <subfield code="a">Latest issue consulted: 2005.</subfield>
      </datafield>
      <datafield tag="651" ind1=" " ind2="0">
         <subfield code="a">Russia (Federation)</subfield>
         <subfield code="x">Antiquities</subfield>
         <subfield code="v">Periodicals.</subfield>
      </datafield>
      <datafield tag="650" ind1=" " ind2="0">
         <subfield code="a">Excavations (Archaeology)</subfield>
         <subfield code="z">Russia (Federation)</subfield>
         <subfield code="v">Periodicals.</subfield>
      </datafield>
      <datafield tag="650" ind1=" " ind2="7">
         <subfield code="a">Antiquities.</subfield>
         <subfield code="2">fast</subfield>
         <subfield code="0">(OCoLC)fst00810745</subfield>
      </datafield>
      <datafield tag="650" ind1=" " ind2="7">
         <subfield code="a">Excavations (Archaeology)</subfield>
         <subfield code="2">fast</subfield>
         <subfield code="0">(OCoLC)fst00917564</subfield>
      </datafield>
      <datafield tag="651" ind1=" " ind2="7">
         <subfield code="a">Russia (Federation)</subfield>
         <subfield code="2">fast</subfield>
         <subfield code="0">(OCoLC)fst01262050</subfield>
      </datafield>
      <datafield tag="655" ind1=" " ind2="7">
         <subfield code="a">Periodicals.</subfield>
         <subfield code="2">fast</subfield>
         <subfield code="0">(OCoLC)fst01411641</subfield>
      </datafield>
      <datafield tag="700" ind1="1" ind2=" ">
         <subfield code="a">Garsoïan, Nina G.,</subfield>
         <subfield code="d">1923-</subfield>
         <subfield code="e">former owner.</subfield>
         <subfield code="5">NyNyUAW</subfield>
      </datafield>
      <datafield tag="740" ind1="0" ind2=" ">
         <subfield code="a">Garsoïan Collection.</subfield>
         <subfield code="5">NyNyUAW</subfield>
      </datafield>
      <datafield tag="710" ind1="2" ind2=" ">
         <subfield code="6">880-06</subfield>
         <subfield code="a">Institut arkheologii (Akademii͡a nauk SSSR)</subfield>
      </datafield>
      <datafield tag="710" ind1="2" ind2=" ">
         <subfield code="6">880-07</subfield>
         <subfield code="a">Institut arkheologii (Rossiĭskai͡a akademii͡a nauk)</subfield>
      </datafield>
      <datafield tag="776" ind1="0" ind2="8">
         <subfield code="i">Online version:</subfield>
         <subfield code="t">Arkheologicheskie otkrytii͡a ... goda</subfield>
         <subfield code="w">(OCoLC)564711074</subfield>
      </datafield>
      <datafield tag="776" ind1="0" ind2="8">
         <subfield code="i">Online version:</subfield>
         <subfield code="t">Arkheologicheskie otkrytii͡a ... goda</subfield>
         <subfield code="w">(OCoLC)592808335</subfield>
      </datafield>
      <datafield tag="776" ind1="0" ind2="8">
         <subfield code="i">Online version:</subfield>
         <subfield code="t">Arkheologicheskie otkrytii͡a ... goda</subfield>
         <subfield code="w">(OCoLC)608484170</subfield>
      </datafield>
      <datafield tag="880" ind1="0" ind2="0">
         <subfield code="6">245-01/</subfield>
         <subfield code="a">Археологические открытия ... года /</subfield>
         <subfield code="c">Институт археологии Российской академии наук, Министерство культуры Российской Федерации.</subfield>
      </datafield>
      <datafield tag="880" ind1="3" ind2="0">
         <subfield code="6">246-02/</subfield>
         <subfield code="a">Археологические открытия</subfield>
      </datafield>
      <datafield tag="880" ind1=" " ind2=" ">
         <subfield code="6">260-03/</subfield>
         <subfield code="a">Москва :</subfield>
         <subfield code="b">Наука</subfield>
      </datafield>
      <datafield tag="880" ind1="3" ind2=" ">
         <subfield code="6">260-04/</subfield>
         <subfield code="3">&lt;2011-2015&gt;:</subfield>
         <subfield code="a">Москва :</subfield>
         <subfield code="b">ИА РАН</subfield>
      </datafield>
      <datafield tag="880" ind1=" " ind2=" ">
         <subfield code="6">550-05/</subfield>
         <subfield code="a">Issued by: Институт археологии of Академия наук СССР, 1965-1987; Институт археологии Российской академии наук, 1993-</subfield>
      </datafield>
      <datafield tag="880" ind1="2" ind2=" ">
         <subfield code="6">710-06/</subfield>
         <subfield code="a">Институт археологии (Akademii͡a nauk SSSR)</subfield>
      </datafield>
      <datafield tag="880" ind1="2" ind2=" ">
         <subfield code="6">710-07/</subfield>
         <subfield code="a">Институт археологии (Rossiĭskai͡a akademii͡a nauk)</subfield>
      </datafield>
      <datafield tag="OWN" ind1=" " ind2=" ">
         <subfield code="a">GENERAL</subfield>
      </datafield>
      <datafield tag="966" ind1=" " ind2=" ">
         <subfield code="l">IFA</subfield>
         <subfield code="d">Offsite</subfield>
         <subfield code="e">0208</subfield>
         <subfield code="k">1968, 1970-1986</subfield>
      </datafield>
      <datafield tag="998" ind1=" " ind2=" ">
         <subfield code="a">12/07/87</subfield>
         <subfield code="t">c</subfield>
         <subfield code="s">9127</subfield>
         <subfield code="n">NNU</subfield>
         <subfield code="w">ILRC1514156S</subfield>
         <subfield code="d">12/07/87</subfield>
         <subfield code="c">NG</subfield>
         <subfield code="b">XXX</subfield>
         <subfield code="i">871207</subfield>
         <subfield code="l">NYUG</subfield>
      </datafield>
      <datafield tag="AVA" ind1=" " ind2=" ">
         <subfield code="a">NYU50</subfield>
         <subfield code="b">NIFA</subfield>
         <subfield code="c">Main Collection</subfield>
         <subfield code="d">Non-circulating</subfield>
         <subfield code="e">unavailable</subfield>
         <subfield code="t">Unavailable</subfield>
         <subfield code="f">18</subfield>
         <subfield code="g">18</subfield>
         <subfield code="h">Y</subfield>
         <subfield code="i">40</subfield>
         <subfield code="j">MAIN</subfield>
         <subfield code="k">0</subfield>
      </datafield>
      <datafield tag="AVA" ind1=" " ind2=" ">
         <subfield code="a">NYU50</subfield>
         <subfield code="b">NISAW</subfield>
         <subfield code="c">Oak Collection</subfield>
         <subfield code="d">GN823.A1 A68 Non-circulating</subfield>
         <subfield code="e">available</subfield>
         <subfield code="t">Available</subfield>
         <subfield code="f">17</subfield>
         <subfield code="g">0</subfield>
         <subfield code="h">Y</subfield>
         <subfield code="i">0</subfield>
         <subfield code="j">OAK</subfield>
         <subfield code="k">0</subfield>
      </datafield>
      <marc:datafield tag="852" ind1=" " ind2=" ">
         <marc:subfield code="b">Institute for the Study of the Ancient World, </marc:subfield>
         <marc:subfield code="c">Oak Collection</marc:subfield>
         <marc:subfield code="e">15 East 84th St., </marc:subfield>
         <marc:subfield code="e">New York, NY  10028</marc:subfield>
      </marc:datafield>
   </record>