
  
  
  
  
  
  
  
  
  
  
  
  
  
  
 
  
  <record xsi:schemaLocation="http://www.loc.gov/MARC21/slim http://www.loc.gov/standards/marcxml/schema/MARC21slim.xsd">
      <leader>00000cam a22     Ia 4500</leader>
      <controlfield tag="FMT">BK</controlfield>
      <controlfield tag="LDR">00000cam a22     Ia 4500</controlfield>
      <controlfield tag="001">006269721</controlfield>
      <controlfield tag="005">20180828144744.0</controlfield>
      <controlfield tag="008">180807s1974    ru       bc   000 0 rus d</controlfield>
      <datafield tag="035" ind1=" " ind2=" ">
         <subfield code="a">(OCoLC)43120510</subfield>
         <subfield code="z">(OCoLC)1001191765</subfield>
      </datafield>
      <datafield tag="040" ind1=" " ind2=" ">
         <subfield code="a">EQO</subfield>
         <subfield code="b">eng</subfield>
         <subfield code="c">EQO</subfield>
         <subfield code="d">OCLCQ</subfield>
         <subfield code="d">JPG</subfield>
         <subfield code="d">OCLCQ</subfield>
         <subfield code="d">OCLCO</subfield>
         <subfield code="d">OCLCF</subfield>
         <subfield code="d">OCL</subfield>
         <subfield code="d">ZYU</subfield>
      </datafield>
      <datafield tag="041" ind1="1" ind2=" ">
         <subfield code="a">rus</subfield>
         <subfield code="h">bul</subfield>
      </datafield>
      <datafield tag="043" ind1=" " ind2=" ">
         <subfield code="a">ed-----</subfield>
      </datafield>
      <datafield tag="050" ind1=" " ind2="4">
         <subfield code="a">N5899.T5</subfield>
         <subfield code="b">F81 1974</subfield>
      </datafield>
      <datafield tag="079" ind1=" " ind2=" ">
         <subfield code="a">(OCoLC)43120510</subfield>
      </datafield>
      <datafield tag="245" ind1="0" ind2="0">
         <subfield code="6">880-01</subfield>
         <subfield code="a">Frakiĭskoe iskusstvo i kulʹtura bolgarskikh zemelʹ :</subfield>
         <subfield code="b">katalog vystavki /</subfield>
         <subfield code="c">pod obshcheĭ red. N.V. Pi͡atyshevoĭ ; perevod N.F. Smirnovoĭ.</subfield>
      </datafield>
      <datafield tag="260" ind1=" " ind2=" ">
         <subfield code="6">880-02</subfield>
         <subfield code="a">Moskva :</subfield>
         <subfield code="b">Sovetskiĭ khudozhnik,</subfield>
         <subfield code="c">1974.</subfield>
      </datafield>
      <datafield tag="300" ind1=" " ind2=" ">
         <subfield code="a">293 pages ;</subfield>
         <subfield code="c">17 cm</subfield>
      </datafield>
      <datafield tag="336" ind1=" " ind2=" ">
         <subfield code="a">text</subfield>
         <subfield code="b">txt</subfield>
         <subfield code="2">rdacontent</subfield>
      </datafield>
      <datafield tag="337" ind1=" " ind2=" ">
         <subfield code="a">unmediated</subfield>
         <subfield code="b">n</subfield>
         <subfield code="2">rdamedia</subfield>
      </datafield>
      <datafield tag="338" ind1=" " ind2=" ">
         <subfield code="a">volume</subfield>
         <subfield code="b">nc</subfield>
         <subfield code="2">rdacarrier</subfield>
      </datafield>
      <datafield tag="500" ind1=" " ind2=" ">
         <subfield code="a">Exhibition catalogue.</subfield>
      </datafield>
      <datafield tag="500" ind1=" " ind2=" ">
         <subfield code="a">ISAW copy is from the library of Aleksandr Leskov.</subfield>
         <subfield code="5">NyNyUAW</subfield>
      </datafield>
      <datafield tag="500" ind1=" " ind2=" ">
         <subfield code="6">880-03</subfield>
         <subfield code="a">At head of half-title: Ministerstvo kulʹtury SSSR ; Komitet po kulʹture i iskusstvu NRB ; Gosudarstvennyĭ muzeĭ izobrazitelʹnykh iskusstv imeni A.S. Pushkina ; Gosudarstvennyĭ Ėrmitazh ; Gosudarstvennyĭ khudozhestvennyĭ muzeĭ BSSR.</subfield>
      </datafield>
      <datafield tag="504" ind1=" " ind2=" ">
         <subfield code="a">Includes bibliographical references.</subfield>
      </datafield>
      <datafield tag="546" ind1=" " ind2=" ">
         <subfield code="a">Translated from Bulgarian original.</subfield>
      </datafield>
      <datafield tag="651" ind1=" " ind2="0">
         <subfield code="a">Thrace</subfield>
         <subfield code="x">Antiquities</subfield>
         <subfield code="v">Exhibitions.</subfield>
      </datafield>
      <datafield tag="651" ind1=" " ind2="0">
         <subfield code="a">Balkan Peninsula</subfield>
         <subfield code="x">Antiquities.</subfield>
      </datafield>
      <datafield tag="651" ind1=" " ind2="0">
         <subfield code="a">Balkan Peninsula</subfield>
         <subfield code="x">Civilization.</subfield>
      </datafield>
      <datafield tag="650" ind1=" " ind2="0">
         <subfield code="a">Bulgars (Turkic people)</subfield>
         <subfield code="x">Ethnic identity.</subfield>
      </datafield>
      <datafield tag="650" ind1=" " ind2="0">
         <subfield code="a">Bulgarians</subfield>
         <subfield code="x">Ethnic identity.</subfield>
      </datafield>
      <datafield tag="651" ind1=" " ind2="7">
         <subfield code="a">Thracia (province)</subfield>
         <subfield code="2">pleiades</subfield>
         <subfield code="0">https://pleiades.stoa.org/places/981552</subfield>
         <subfield code="5">NyNyUAW</subfield>
      </datafield>
      <datafield tag="700" ind1="1" ind2=" ">
         <subfield code="6">880-04</subfield>
         <subfield code="a">Pi͡atysheva, N. V.</subfield>
         <subfield code="q">(Natalʹi͡a Valentinovna),</subfield>
         <subfield code="e">editor.</subfield>
      </datafield>
      <datafield tag="700" ind1="1" ind2=" ">
         <subfield code="6">880-05</subfield>
         <subfield code="a">Smirnova, N. F..</subfield>
         <subfield code="e">translator.</subfield>
      </datafield>
      <datafield tag="710" ind1="2" ind2=" ">
         <subfield code="6">880-06</subfield>
         <subfield code="a">Gosudarstvennyĭ muzeĭ izobrazitelʹnykh iskusstv imeni A.S. Pushkina,</subfield>
         <subfield code="e">issuing body.</subfield>
      </datafield>
      <datafield tag="710" ind1="2" ind2=" ">
         <subfield code="6">880-07</subfield>
         <subfield code="a">Gosudarstvennyĭ Ėrmitazh (Russia),</subfield>
         <subfield code="e">issuing body.</subfield>
      </datafield>
      <datafield tag="700" ind1="1" ind2=" ">
         <subfield code="a">Leskov, Aleksandr Mikhaĭlovich,</subfield>
         <subfield code="e">former owner.</subfield>
         <subfield code="5">NyNyUAW</subfield>
      </datafield>
      <datafield tag="740" ind1="0" ind2=" ">
         <subfield code="a">Leskov Collection.</subfield>
         <subfield code="5">NyNyUAW</subfield>
      </datafield>
      <datafield tag="880" ind1="0" ind2="0">
         <subfield code="6">245-01/</subfield>
         <subfield code="a">Фракийское искусство и культура болгарских земель :</subfield>
         <subfield code="b">каталог выставки /</subfield>
         <subfield code="c">под общей ред. Н.В. Пятышевой ; перевод Н.Ф. Смирновой.</subfield>
      </datafield>
      <datafield tag="880" ind1=" " ind2=" ">
         <subfield code="6">260-02/</subfield>
         <subfield code="a">Москва :</subfield>
         <subfield code="b">Советский художник,</subfield>
         <subfield code="c">1974.</subfield>
      </datafield>
      <datafield tag="880" ind1=" " ind2=" ">
         <subfield code="6">500-03/</subfield>
         <subfield code="a">Аt head of title: Министерство культуры СССР ; Комитет по культуре и искусству НРБ ; Государственный музей изобразительных искусств имени А.С. Пушкина ; Государственный Эрмитаж ; Государственный художественный музей БССР.</subfield>
      </datafield>
      <datafield tag="880" ind1="1" ind2=" ">
         <subfield code="6">700-04/</subfield>
         <subfield code="a">Пятышева, Н. В.</subfield>
         <subfield code="q">(Наталья Валентиновна),</subfield>
         <subfield code="e">еditor.</subfield>
      </datafield>
      <datafield tag="880" ind1="1" ind2=" ">
         <subfield code="6">700-05/</subfield>
         <subfield code="a">Смирнова, Н. Ф..</subfield>
         <subfield code="e">translator.</subfield>
      </datafield>
      <datafield tag="880" ind1="2" ind2=" ">
         <subfield code="6">710-06/</subfield>
         <subfield code="a">Государственный музей изобразительных искусств имени А.С. Пушкина,</subfield>
         <subfield code="e">issuing body.</subfield>
      </datafield>
      <datafield tag="880" ind1="2" ind2=" ">
         <subfield code="6">710-07/</subfield>
         <subfield code="a">Государственный Эрмитаж (Russia),</subfield>
         <subfield code="e">issuing body.</subfield>
      </datafield>
      <datafield tag="OWN" ind1=" " ind2=" ">
         <subfield code="a">GENERAL</subfield>
      </datafield>
      <datafield tag="AVA" ind1=" " ind2=" ">
         <subfield code="a">NYU50</subfield>
         <subfield code="b">NISAW</subfield>
         <subfield code="c">Small Collection</subfield>
         <subfield code="d">N5899.T5 F81 1974</subfield>
         <subfield code="e">unavailable</subfield>
         <subfield code="t">Unavailable</subfield>
         <subfield code="f">1</subfield>
         <subfield code="g">1</subfield>
         <subfield code="h">N</subfield>
         <subfield code="i">0</subfield>
         <subfield code="j">SMALL</subfield>
         <subfield code="k">0</subfield>
      </datafield>
      <marc:datafield tag="852" ind1=" " ind2=" ">
         <marc:subfield code="b">Institute for the Study of the Ancient World, </marc:subfield>
         <marc:subfield code="c">Small Collection</marc:subfield>
         <marc:subfield code="e">15 East 84th St., </marc:subfield>
         <marc:subfield code="e">New York, NY  10028</marc:subfield>
      </marc:datafield>
   </record>