
  
  
  
  
  
  
  
  
  
  
  
  
  
 
  
  <record xsi:schemaLocation="http://www.loc.gov/MARC21/slim http://www.loc.gov/standards/marcxml/schema/MARC21slim.xsd">
      <leader>00000cam a22008534a 4500</leader>
      <controlfield tag="FMT">BK</controlfield>
      <controlfield tag="LDR">00000cam a22008534a 4500</controlfield>
      <controlfield tag="001">000351599</controlfield>
      <controlfield tag="003">OCoLC</controlfield>
      <controlfield tag="005">20180808142112.0</controlfield>
      <controlfield tag="008">040409s2006    enkab    b    001 0 eng</controlfield>
      <datafield tag="010" ind1=" " ind2=" ">
         <subfield code="a">2004008343</subfield>
      </datafield>
      <datafield tag="015" ind1=" " ind2=" ">
         <subfield code="a">GBA521876</subfield>
         <subfield code="2">bnb</subfield>
      </datafield>
      <datafield tag="016" ind1="7" ind2=" ">
         <subfield code="a">013131062</subfield>
         <subfield code="2">Uk</subfield>
      </datafield>
      <datafield tag="020" ind1=" " ind2=" ">
         <subfield code="a">190476858X</subfield>
         <subfield code="q">(hbk.)</subfield>
      </datafield>
      <datafield tag="020" ind1=" " ind2=" ">
         <subfield code="a">9781904768586</subfield>
         <subfield code="q">(hbk.)</subfield>
      </datafield>
      <datafield tag="035" ind1=" " ind2=" ">
         <subfield code="a">(OCoLC)55095923</subfield>
         <subfield code="z">(OCoLC)80859400</subfield>
      </datafield>
      <datafield tag="040" ind1=" " ind2=" ">
         <subfield code="a">DLC</subfield>
         <subfield code="b">eng</subfield>
         <subfield code="c">DLC</subfield>
         <subfield code="d">UKM</subfield>
         <subfield code="d">BAKER</subfield>
         <subfield code="d">BWKUK</subfield>
         <subfield code="d">BTCTA</subfield>
         <subfield code="d">YDXCP</subfield>
         <subfield code="d">LVB</subfield>
         <subfield code="d">UBY</subfield>
         <subfield code="d">HEBIS</subfield>
         <subfield code="d">IG#</subfield>
         <subfield code="d">OCLCF</subfield>
         <subfield code="d">OCLCO</subfield>
         <subfield code="d">OCLCQ</subfield>
         <subfield code="d">DEBBG</subfield>
         <subfield code="d">OCLCQ</subfield>
         <subfield code="d">OCLCO</subfield>
         <subfield code="d">DHA</subfield>
         <subfield code="d">OCLCQ</subfield>
      </datafield>
      <datafield tag="042" ind1=" " ind2=" ">
         <subfield code="a">pcc</subfield>
      </datafield>
      <datafield tag="043" ind1=" " ind2=" ">
         <subfield code="a">a-is---</subfield>
      </datafield>
      <datafield tag="050" ind1="0" ind2="0">
         <subfield code="a">DS110.G557</subfield>
         <subfield code="b">A73 2006</subfield>
      </datafield>
      <datafield tag="079" ind1=" " ind2=" ">
         <subfield code="a">(OCoLC)55095923</subfield>
      </datafield>
      <datafield tag="082" ind1="0" ind2="0">
         <subfield code="a">933</subfield>
         <subfield code="2">22</subfield>
      </datafield>
      <datafield tag="084" ind1=" " ind2=" ">
         <subfield code="a">6,11</subfield>
         <subfield code="2">ssgn</subfield>
      </datafield>
      <datafield tag="084" ind1=" " ind2=" ">
         <subfield code="a">6,12</subfield>
         <subfield code="2">ssgn</subfield>
      </datafield>
      <datafield tag="245" ind1="0" ind2="0">
         <subfield code="a">Archaeology, anthropology and cult :</subfield>
         <subfield code="b">the sanctuary at Gilat, Israel /</subfield>
         <subfield code="c">edited by Thomas E. Levy.</subfield>
      </datafield>
      <datafield tag="260" ind1=" " ind2=" ">
         <subfield code="a">London ;</subfield>
         <subfield code="a">Oakville, CT :</subfield>
         <subfield code="b">Equinox,</subfield>
         <subfield code="c">2006.</subfield>
      </datafield>
      <datafield tag="300" ind1=" " ind2=" ">
         <subfield code="a">x, 875 pages :</subfield>
         <subfield code="b">illustrations, maps ;</subfield>
         <subfield code="c">26 cm.</subfield>
      </datafield>
      <datafield tag="336" ind1=" " ind2=" ">
         <subfield code="a">text</subfield>
         <subfield code="b">txt</subfield>
         <subfield code="2">rdacontent</subfield>
      </datafield>
      <datafield tag="337" ind1=" " ind2=" ">
         <subfield code="a">unmediated</subfield>
         <subfield code="b">n</subfield>
         <subfield code="2">rdamedia</subfield>
      </datafield>
      <datafield tag="338" ind1=" " ind2=" ">
         <subfield code="a">volume</subfield>
         <subfield code="b">nc</subfield>
         <subfield code="2">rdacarrier</subfield>
      </datafield>
      <datafield tag="490" ind1="1" ind2=" ">
         <subfield code="a">Approaches to anthropological archaeology</subfield>
      </datafield>
      <datafield tag="500" ind1=" " ind2=" ">
         <subfield code="a">ISAW copy is from the library of Lawrence E. Stager.</subfield>
         <subfield code="5">NyNyUAW</subfield>
      </datafield>
      <datafield tag="504" ind1=" " ind2=" ">
         <subfield code="a">Includes bibliographical references and index.</subfield>
      </datafield>
      <datafield tag="505" ind1="0" ind2="0">
         <subfield code="g">I.</subfield>
         <subfield code="t">Theory.</subfield>
         <subfield code="t">Archaeology, anthropology and cult : exploring religion in formative Middle Range societies /</subfield>
         <subfield code="r">Thomas E. Levy --</subfield>
         <subfield code="t">Cults, shrines, and the emergence of regional ritual centers : the view from New Guinea /</subfield>
         <subfield code="r">Donald Tuzin --</subfield>
         <subfield code="t">Tribal pilgrimages to saints' tombs in South Sinai /</subfield>
         <subfield code="r">Emanuel Marx --</subfield>
         <subfield code="t">The rise of a new Negev cult center today : Baba Sali's sanctuary in Netivot, Israel /</subfield>
         <subfield code="r">Yoram Bilu.</subfield>
         <subfield code="g">II.</subfield>
         <subfield code="t">Archaeological foundations.</subfield>
         <subfield code="t">The sanctuary sequence : excavations at Gilat : 1975-77, 1989, 1990-92 /</subfield>
         <subfield code="r">Thomas E. Levy, David Alon, Yorke M. Rowan, and Morag Kersel.</subfield>
         <subfield code="g">III.</subfield>
         <subfield code="t">Biological data from Gilat.</subfield>
         <subfield code="t">Farming? feasting? herding? : large mammals from the Chalcolithic of Gilat /</subfield>
         <subfield code="r">Caroline Grigson --</subfield>
         <subfield code="t">Marine and riverine shells from Gilat /</subfield>
         <subfield code="r">Daniella E. Bar-Yosef Mayer --</subfield>
         <subfield code="t">Death and the sanctuary : the human remains from Gilat /</subfield>
         <subfield code="r">Patricia Smith, Tania Zagerson, Pamela Sabari, Jonathan Golden, Thomas E. Levy and Leslie Dawson.</subfield>
         <subfield code="g">IV.</subfield>
         <subfield code="t">The emergence of Gilat as a regional cult center : production and exchange.</subfield>
         <subfield code="t">The technology of the Gilat pottery assemblage : a reassessment /</subfield>
         <subfield code="r">Yuval Goren --</subfield>
         <subfield code="t">Gilat's ceramics : cognitive dimensions of pottery production /</subfield>
         <subfield code="r">Catherine Commenge, T.E. Levy, and E. Kansa --</subfield>
         <subfield code="t">The chipped stone assemblage at Gilat /</subfield>
         <subfield code="r">Yorke M. Rowan --</subfield>
         <subfield code="t">Gilat's ground stone assemblage : stone fenestrated stands, bowls, palettes, and related artifacts /</subfield>
         <subfield code="r">Yorke M. Rowan, Thomas E. Levy, David Alon, and Yuval Goren --</subfield>
         <subfield code="t">The worked bone from the Chalcolithic site of Gilat : interim report /</subfield>
         <subfield code="r">Caroline Grigson.</subfield>
         <subfield code="g">V.</subfield>
         <subfield code="t">Processes of integration : the emergence of a pan-regional ritual center.</subfield>
         <subfield code="t">The intensification of production at Gilat : textile production /</subfield>
         <subfield code="r">Thomas E. Levy, Wendy Conner, Yorke M. Rowan, and David Alon --</subfield>
         <subfield code="t">Gilat's figurines : exploring the social and symbolic dimensions of representation /</subfield>
      </datafield>
      <datafield tag="651" ind1=" " ind2="0">
         <subfield code="a">Gilat Site (Israel)</subfield>
      </datafield>
      <datafield tag="651" ind1=" " ind2="0">
         <subfield code="a">Negev (Israel)</subfield>
         <subfield code="x">Antiquities.</subfield>
      </datafield>
      <datafield tag="650" ind1=" " ind2="0">
         <subfield code="a">Copper age.</subfield>
      </datafield>
      <datafield tag="650" ind1=" " ind2="0">
         <subfield code="a">Excavations (Archaeology)</subfield>
         <subfield code="z">Israel</subfield>
         <subfield code="z">Negev.</subfield>
      </datafield>
      <datafield tag="650" ind1=" " ind2="0">
         <subfield code="a">Religion and sociology.</subfield>
      </datafield>
      <datafield tag="650" ind1=" " ind2="0">
         <subfield code="a">Social change.</subfield>
      </datafield>
      <datafield tag="650" ind1=" " ind2="0">
         <subfield code="a">Shrines.</subfield>
      </datafield>
      <datafield tag="650" ind1=" " ind2="6">
         <subfield code="a">Chalcolithique.</subfield>
      </datafield>
      <datafield tag="650" ind1=" " ind2="6">
         <subfield code="a">Fouilles (Archéologie)</subfield>
         <subfield code="z">Israël</subfield>
         <subfield code="z">Néguev.</subfield>
      </datafield>
      <datafield tag="650" ind1=" " ind2="6">
         <subfield code="a">Sociologie religieuse.</subfield>
      </datafield>
      <datafield tag="650" ind1=" " ind2="6">
         <subfield code="a">Changement social.</subfield>
      </datafield>
      <datafield tag="650" ind1=" " ind2="6">
         <subfield code="a">Sanctuaires.</subfield>
      </datafield>
      <datafield tag="651" ind1=" " ind2="6">
         <subfield code="a">Gilat (Israël : Site archéologique)</subfield>
      </datafield>
      <datafield tag="651" ind1=" " ind2="6">
         <subfield code="a">Néguev (Israël)</subfield>
         <subfield code="x">Antiquités.</subfield>
      </datafield>
      <datafield tag="650" ind1=" " ind2="7">
         <subfield code="a">Antiquities.</subfield>
         <subfield code="2">fast</subfield>
         <subfield code="0">(OCoLC)fst00810745</subfield>
      </datafield>
      <datafield tag="650" ind1=" " ind2="7">
         <subfield code="a">Copper age.</subfield>
         <subfield code="2">fast</subfield>
         <subfield code="0">(OCoLC)fst00878433</subfield>
      </datafield>
      <datafield tag="650" ind1=" " ind2="7">
         <subfield code="a">Excavations (Archaeology)</subfield>
         <subfield code="2">fast</subfield>
         <subfield code="0">(OCoLC)fst00917564</subfield>
      </datafield>
      <datafield tag="650" ind1=" " ind2="7">
         <subfield code="a">Religion and sociology.</subfield>
         <subfield code="2">fast</subfield>
         <subfield code="0">(OCoLC)fst01093858</subfield>
      </datafield>
      <datafield tag="650" ind1=" " ind2="7">
         <subfield code="a">Shrines.</subfield>
         <subfield code="2">fast</subfield>
         <subfield code="0">(OCoLC)fst01117849</subfield>
      </datafield>
      <datafield tag="650" ind1=" " ind2="7">
         <subfield code="a">Social change.</subfield>
         <subfield code="2">fast</subfield>
         <subfield code="0">(OCoLC)fst01122310</subfield>
      </datafield>
      <datafield tag="651" ind1=" " ind2="7">
         <subfield code="a">Israel</subfield>
         <subfield code="z">Gilat Site.</subfield>
         <subfield code="2">fast</subfield>
         <subfield code="0">(OCoLC)fst01304283</subfield>
      </datafield>
      <datafield tag="651" ind1=" " ind2="7">
         <subfield code="a">Israel</subfield>
         <subfield code="z">Negev.</subfield>
         <subfield code="2">fast</subfield>
         <subfield code="0">(OCoLC)fst01241648</subfield>
      </datafield>
      <datafield tag="650" ind1=" " ind2="7">
         <subfield code="a">Ausgrabung</subfield>
         <subfield code="2">gnd</subfield>
      </datafield>
      <datafield tag="650" ind1=" " ind2="7">
         <subfield code="a">Chalkolithikum</subfield>
         <subfield code="2">gnd</subfield>
      </datafield>
      <datafield tag="650" ind1=" " ind2="7">
         <subfield code="a">Kultstätte</subfield>
         <subfield code="2">gnd</subfield>
      </datafield>
      <datafield tag="651" ind1=" " ind2="7">
         <subfield code="a">Gilat</subfield>
         <subfield code="2">gnd</subfield>
      </datafield>
      <datafield tag="655" ind1=" " ind2="4">
         <subfield code="a">Aufsatzsammlung.</subfield>
      </datafield>
      <datafield tag="700" ind1="1" ind2=" ">
         <subfield code="a">Stager, Lawrenc E.,</subfield>
         <subfield code="e">former owner.</subfield>
         <subfield code="5">NyNyUAW</subfield>
      </datafield>
      <datafield tag="740" ind1="0" ind2=" ">
         <subfield code="a">Stager Collection.</subfield>
         <subfield code="5">NyNyUAW</subfield>
      </datafield>
      <datafield tag="700" ind1="1" ind2=" ">
         <subfield code="a">Levy, Thomas Evan.</subfield>
      </datafield>
      <datafield tag="830" ind1=" " ind2="0">
         <subfield code="a">Approaches to anthropological archaeology.</subfield>
      </datafield>
      <datafield tag="856" ind1="4" ind2="1">
         <subfield code="3">Table of contents</subfield>
         <subfield code="u">http://bvbr.bib-bvb.de:8991/F?func=service&amp;doc_library=BVB01&amp;local_base=BVB01&amp;doc_number=015021708&amp;line_number=0001&amp;func_code=DB_RECORDS&amp;service_type=MEDIA</subfield>
      </datafield>
      <datafield tag="994" ind1=" " ind2=" ">
         <subfield code="a">Z0</subfield>
         <subfield code="b">ZYU</subfield>
      </datafield>
      <datafield tag="OWN" ind1=" " ind2=" ">
         <subfield code="a">GENERAL</subfield>
      </datafield>
      <datafield tag="AVA" ind1=" " ind2=" ">
         <subfield code="a">NYU50</subfield>
         <subfield code="b">BOBST</subfield>
         <subfield code="c">Main Collection</subfield>
         <subfield code="d">DS110.G557 A73 2006</subfield>
         <subfield code="e">available</subfield>
         <subfield code="t">Available</subfield>
         <subfield code="f">1</subfield>
         <subfield code="g">0</subfield>
         <subfield code="h">N</subfield>
         <subfield code="i">9</subfield>
         <subfield code="j">MAIN</subfield>
         <subfield code="k">0</subfield>
      </datafield>
      <datafield tag="AVA" ind1=" " ind2=" ">
         <subfield code="a">NYU50</subfield>
         <subfield code="b">NIFA</subfield>
         <subfield code="c">Main Collection</subfield>
         <subfield code="d">DS110.G557 A73 2006 Non-circulating</subfield>
         <subfield code="e">unavailable</subfield>
         <subfield code="t">Unavailable</subfield>
         <subfield code="f">1</subfield>
         <subfield code="g">1</subfield>
         <subfield code="h">N</subfield>
         <subfield code="i">2</subfield>
         <subfield code="j">MAIN</subfield>
         <subfield code="k">0</subfield>
      </datafield>
      <datafield tag="AVA" ind1=" " ind2=" ">
         <subfield code="a">NYU50</subfield>
         <subfield code="b">NISAW</subfield>
         <subfield code="c">Small Collection</subfield>
         <subfield code="d">DS110.G557 A73 2006 Non-circulating</subfield>
         <subfield code="e">available</subfield>
         <subfield code="t">Available</subfield>
         <subfield code="f">1</subfield>
         <subfield code="g">0</subfield>
         <subfield code="h">N</subfield>
         <subfield code="i">0</subfield>
         <subfield code="j">SMALL</subfield>
         <subfield code="k">0</subfield>
      </datafield>
      <marc:datafield tag="852" ind1=" " ind2=" ">
         <marc:subfield code="b">Institute for the Study of the Ancient World, </marc:subfield>
         <marc:subfield code="c">Small Collection</marc:subfield>
         <marc:subfield code="e">15 East 84th St., </marc:subfield>
         <marc:subfield code="e">New York, NY  10028</marc:subfield>
      </marc:datafield>
   </record>