
  
  
  
  
  
  
  
  
  
  
  
 
  
  <record xsi:schemaLocation="http://www.loc.gov/MARC21/slim http://www.loc.gov/standards/marcxml/schema/MARC21slim.xsd">
      <leader>00000cam a2200949 a 4500</leader>
      <controlfield tag="FMT">BK</controlfield>
      <controlfield tag="LDR">00000cam a2200949 a 4500</controlfield>
      <controlfield tag="001">006270205</controlfield>
      <controlfield tag="003">OCoLC</controlfield>
      <controlfield tag="005">20180808120730.0</controlfield>
      <controlfield tag="008">180808s2010    enka     b    001 0 eng</controlfield>
      <datafield tag="010" ind1=" " ind2=" ">
         <subfield code="a">2010925613</subfield>
      </datafield>
      <datafield tag="015" ind1=" " ind2=" ">
         <subfield code="a">GBB045387</subfield>
         <subfield code="2">bnb</subfield>
      </datafield>
      <datafield tag="016" ind1="7" ind2=" ">
         <subfield code="a">015521560</subfield>
         <subfield code="2">Uk</subfield>
      </datafield>
      <datafield tag="020" ind1=" " ind2=" ">
         <subfield code="a">9780199218714</subfield>
         <subfield code="q">(hbk. ;</subfield>
         <subfield code="q">acid-free paper)</subfield>
      </datafield>
      <datafield tag="020" ind1=" " ind2=" ">
         <subfield code="a">0199218714</subfield>
         <subfield code="q">(hbk. ;</subfield>
         <subfield code="q">acid-free paper)</subfield>
      </datafield>
      <datafield tag="024" ind1="8" ind2=" ">
         <subfield code="a">99940255953</subfield>
      </datafield>
      <datafield tag="035" ind1=" " ind2=" ">
         <subfield code="a">(OCoLC)535493611</subfield>
         <subfield code="z">(OCoLC)1043221518</subfield>
      </datafield>
      <datafield tag="040" ind1=" " ind2=" ">
         <subfield code="a">UKM</subfield>
         <subfield code="b">eng</subfield>
         <subfield code="c">UKM</subfield>
         <subfield code="d">DLC</subfield>
         <subfield code="d">BTCTA</subfield>
         <subfield code="d">ERASA</subfield>
         <subfield code="d">YDXCP</subfield>
         <subfield code="d">NLGGC</subfield>
         <subfield code="d">BWK</subfield>
         <subfield code="d">CDX</subfield>
         <subfield code="d">TJC</subfield>
         <subfield code="d">BWX</subfield>
         <subfield code="d">PUL</subfield>
         <subfield code="d">COO</subfield>
         <subfield code="d">STF</subfield>
         <subfield code="d">DEBBG</subfield>
         <subfield code="d">MIX</subfield>
         <subfield code="d">BDX</subfield>
         <subfield code="d">TULIB</subfield>
         <subfield code="d">MUU</subfield>
         <subfield code="d">GZM</subfield>
         <subfield code="d">MYG</subfield>
         <subfield code="d">UKMGB</subfield>
         <subfield code="d">OCLCQ</subfield>
         <subfield code="d">CHVBK</subfield>
         <subfield code="d">OCLCQ</subfield>
         <subfield code="d">UVA</subfield>
         <subfield code="d">VGM</subfield>
         <subfield code="d">WLU</subfield>
         <subfield code="d">DHA</subfield>
         <subfield code="d">IRCJS</subfield>
         <subfield code="d">OCLCQ</subfield>
         <subfield code="d">OCLCF</subfield>
         <subfield code="d">OCLCO</subfield>
         <subfield code="d">CNO</subfield>
         <subfield code="d">CEF</subfield>
         <subfield code="d">TKN</subfield>
         <subfield code="d">XFF</subfield>
         <subfield code="d">TYC</subfield>
         <subfield code="d">BUB</subfield>
         <subfield code="d">ZYU</subfield>
      </datafield>
      <datafield tag="042" ind1=" " ind2=" ">
         <subfield code="a">pcc</subfield>
      </datafield>
      <datafield tag="050" ind1="0" ind2="0">
         <subfield code="a">GN406</subfield>
         <subfield code="b">.O97 2010</subfield>
      </datafield>
      <datafield tag="079" ind1=" " ind2=" ">
         <subfield code="a">(OCoLC)535493611</subfield>
      </datafield>
      <datafield tag="080" ind1=" " ind2=" ">
         <subfield code="a">903.2</subfield>
      </datafield>
      <datafield tag="080" ind1=" " ind2=" ">
         <subfield code="a">902</subfield>
      </datafield>
      <datafield tag="082" ind1="0" ind2="4">
         <subfield code="a">306</subfield>
         <subfield code="2">22</subfield>
      </datafield>
      <datafield tag="084" ind1=" " ind2=" ">
         <subfield code="a">73.20</subfield>
         <subfield code="2">bcl</subfield>
      </datafield>
      <datafield tag="084" ind1=" " ind2=" ">
         <subfield code="a">LC 10000</subfield>
         <subfield code="2">rvk</subfield>
      </datafield>
      <datafield tag="084" ind1=" " ind2=" ">
         <subfield code="a">NF 1100</subfield>
         <subfield code="2">rvk</subfield>
      </datafield>
      <datafield tag="084" ind1=" " ind2=" ">
         <subfield code="a">EC211</subfield>
         <subfield code="2">kktb</subfield>
      </datafield>
      <datafield tag="245" ind1="0" ind2="4">
         <subfield code="a">The Oxford handbook of material culture studies /</subfield>
         <subfield code="c">edited by Dan Hicks and Mary C. Beaudry.</subfield>
      </datafield>
      <datafield tag="246" ind1="3" ind2="0">
         <subfield code="a">Material culture studies</subfield>
      </datafield>
      <datafield tag="260" ind1=" " ind2=" ">
         <subfield code="a">Oxford ;</subfield>
         <subfield code="a">New York :</subfield>
         <subfield code="b">Oxford University Press,</subfield>
         <subfield code="c">2010.</subfield>
      </datafield>
      <datafield tag="300" ind1=" " ind2=" ">
         <subfield code="a">xvi, 774 pages :</subfield>
         <subfield code="b">illustrations ;</subfield>
         <subfield code="c">26 cm.</subfield>
      </datafield>
      <datafield tag="336" ind1=" " ind2=" ">
         <subfield code="a">text</subfield>
         <subfield code="b">txt</subfield>
         <subfield code="2">rdacontent</subfield>
      </datafield>
      <datafield tag="337" ind1=" " ind2=" ">
         <subfield code="a">unmediated</subfield>
         <subfield code="b">n</subfield>
         <subfield code="2">rdamedia</subfield>
      </datafield>
      <datafield tag="338" ind1=" " ind2=" ">
         <subfield code="a">volume</subfield>
         <subfield code="b">nc</subfield>
         <subfield code="2">rdacarrier</subfield>
      </datafield>
      <datafield tag="490" ind1="1" ind2=" ">
         <subfield code="a">Oxford handbooks</subfield>
      </datafield>
      <datafield tag="520" ind1=" " ind2=" ">
         <subfield code="a">"The Oxford Handbook of Material Culture Studies introduces and reviews current thinking in the interdisciplinary field of material culture studies. Drawing together approaches from archaeology, anthropology, geography, and Science and Technology Studies, through twenty-eight specially commissioned essays by leading international researchers, the volume explores contemporary issues and debates in a series of themed sections--Disciplinary Perspectives, Material Practices, Objects and Humans, Landscapes and the Built Environment, and Studying Particular Things. From Coca-Cola, chimpanzees, artworks, and ceramics, to museums, cities, human bodies, and magical objects, the Handbook is an essential resource for anyone with an interest in materiality and the place of material objects in human social life, both past and present. A comprehensive bibliography enhances its usefulness as a research tool."--Publisher's website.</subfield>
      </datafield>
      <datafield tag="504" ind1=" " ind2=" ">
         <subfield code="a">Includes bibliographical references (pages 646-758) and index.</subfield>
      </datafield>
      <datafield tag="505" ind1="0" ind2="0">
         <subfield code="g">Introduction :</subfield>
         <subfield code="t">material culture studies : a reactionary view /</subfield>
         <subfield code="r">Dan Hicks and Mary C. Beaudry --</subfield>
         <subfield code="t">The material-cultural turn : event and effect /</subfield>
         <subfield code="r">Dan Hicks --</subfield>
         <subfield code="t">Material geographies /</subfield>
         <subfield code="r">Ian Cook and Divya P. Tolia-Kelly --</subfield>
         <subfield code="t">Material culture in folklife studies /</subfield>
         <subfield code="r">Robert Saint George --</subfield>
         <subfield code="t">Material histories /</subfield>
         <subfield code="r">Ann Brower Stahl --</subfield>
         <subfield code="t">The materials of STS /</subfield>
         <subfield code="r">John Law --</subfield>
         <subfield code="t">Material culture and the dance of agency /</subfield>
         <subfield code="r">Andrew Pickering --</subfield>
         <subfield code="t">Consumption /</subfield>
         <subfield code="r">Michael Dietler --</subfield>
         <subfield code="t">Fieldwork and collecting /</subfield>
         <subfield code="r">Gavin Lucas --</subfield>
         <subfield code="t">Gifts and exchange /</subfield>
         <subfield code="r">Hirokazu Miyazaki --</subfield>
         <subfield code="t">Art as action, art as evidence /</subfield>
         <subfield code="r">Howard Morphy --</subfield>
         <subfield code="t">Archaeological assemblages and practices of deposition /</subfield>
         <subfield code="r">Rosemary Joyce with Joshua Pollard --</subfield>
         <subfield code="t">Technology and material life /</subfield>
         <subfield code="r">Kacy L. Hollenback and Michael Brian Schiffer --</subfield>
         <subfield code="t">The malice of inanimate objects : material agency /</subfield>
         <subfield code="r">Andrew M. Jones and Nicole Boivin --</subfield>
         <subfield code="t">From identity and material culture to personhood and materiality /</subfield>
         <subfield code="r">Chris Fowler --</subfield>
         <subfield code="t">Materiality and embodiment /</subfield>
         <subfield code="r">Zoë Crossland --</subfield>
         <subfield code="t">Material culture in primates /</subfield>
         <subfield code="r">Tatyana Humle --</subfield>
         <subfield code="t">Cultural landscapes /</subfield>
         <subfield code="r">Lesley Head --</subfield>
         <subfield code="t">Ecological landscapes /</subfield>
         <subfield code="r">Sarah Whatmore and Steve Hinchliffe --</subfield>
         <subfield code="t">Urban materialities : meaning, magnitude, friction, and outcomes /</subfield>
         <subfield code="r">Roland Fletcher --</subfield>
         <subfield code="t">Architecture and cultural history /</subfield>
         <subfield code="r">Carl R. Lounsbury --</subfield>
         <subfield code="t">Households and "home cultures" /</subfield>
         <subfield code="r">Victor Buchli --</subfield>
         <subfield code="t">Stone tools /</subfield>
         <subfield code="r">Rodney Harrison --</subfield>
         <subfield code="t">The landscape garden as material culture : lessons from France /</subfield>
         <subfield code="r">Chandra Mukerji --</subfield>
         <subfield code="t">Built objects /</subfield>
         <subfield code="r">Douglass Bailey and Lesley McFadyen --</subfield>
         <subfield code="t">Ceramics (as containers) /</subfield>
         <subfield code="r">Carl Knappett, Lambros Malafouris, and Peter Tomkins --</subfield>
         <subfield code="t">Magical things : on fetishes, commodities, and computers /</subfield>
         <subfield code="r">Peter Pels --</subfield>
         <subfield code="g">Afterword :</subfield>
         <subfield code="t">fings ain't wot they use t' be : thinking through material thinking as placing and arrangement /</subfield>
         <subfield code="r">Nigel Thrift.</subfield>
      </datafield>
      <datafield tag="650" ind1=" " ind2="0">
         <subfield code="a">Material culture.</subfield>
      </datafield>
      <datafield tag="650" ind1=" " ind2="0">
         <subfield code="a">Material culture</subfield>
         <subfield code="x">Research</subfield>
         <subfield code="x">Methodology.</subfield>
      </datafield>
      <datafield tag="650" ind1=" " ind2="0">
         <subfield code="a">Archaeology</subfield>
         <subfield code="x">Methodology.</subfield>
      </datafield>
      <datafield tag="650" ind1=" " ind2="7">
         <subfield code="a">Archaeology</subfield>
         <subfield code="x">Methodology.</subfield>
         <subfield code="2">fast</subfield>
         <subfield code="0">(OCoLC)fst00812969</subfield>
      </datafield>
      <datafield tag="650" ind1=" " ind2="7">
         <subfield code="a">Material culture.</subfield>
         <subfield code="2">fast</subfield>
         <subfield code="0">(OCoLC)fst01011739</subfield>
      </datafield>
      <datafield tag="700" ind1="1" ind2=" ">
         <subfield code="a">Hicks, Dan,</subfield>
         <subfield code="d">1972-</subfield>
      </datafield>
      <datafield tag="700" ind1="1" ind2=" ">
         <subfield code="a">Beaudry, Mary Carolyn,</subfield>
         <subfield code="d">1950-</subfield>
      </datafield>
      <datafield tag="776" ind1="1" ind2=" ">
         <subfield code="c">Electronic resource</subfield>
         <subfield code="z">9780191743887</subfield>
      </datafield>
      <datafield tag="776" ind1="0" ind2="8">
         <subfield code="i">Online version:</subfield>
         <subfield code="t">Oxford handbook of material culture studies.</subfield>
         <subfield code="d">Oxford ; New York : Oxford University Press, 2010</subfield>
         <subfield code="w">(OCoLC)761008801</subfield>
      </datafield>
      <datafield tag="830" ind1=" " ind2="0">
         <subfield code="a">Oxford handbooks.</subfield>
      </datafield>
      <datafield tag="856" ind1="4" ind2="1">
         <subfield code="3">Oxford Scholarship Online</subfield>
         <subfield code="u">http://dx.doi.org/10.1093/oxfordhb/9780199218714.001.0001</subfield>
      </datafield>
      <datafield tag="856" ind1="4" ind2="1">
         <subfield code="3">Table of contents</subfield>
         <subfield code="u">http://bvbr.bib-bvb.de:8991/F?func=service&amp;doc_library=BVB01&amp;doc_number=018765141&amp;line_number=0001&amp;func_code=DB_RECORDS&amp;service_type=MEDIA</subfield>
      </datafield>
      <datafield tag="856" ind1="4" ind2="1">
         <subfield code="3">Table of contents</subfield>
         <subfield code="u">http://bvbr.bib-bvb.de:8991/F?func=service&amp;doc_library=BVB01&amp;local_base=BVB01&amp;doc_number=018765141&amp;line_number=0001&amp;func_code=DB_RECORDS&amp;service_type=MEDIA</subfield>
      </datafield>
      <datafield tag="994" ind1=" " ind2=" ">
         <subfield code="a">Z0</subfield>
         <subfield code="b">ZYU</subfield>
      </datafield>
      <datafield tag="OWN" ind1=" " ind2=" ">
         <subfield code="a">GENERAL</subfield>
      </datafield>
      <datafield tag="AVA" ind1=" " ind2=" ">
         <subfield code="a">NYU50</subfield>
         <subfield code="b">NISAW</subfield>
         <subfield code="c">Reserves</subfield>
         <subfield code="d">GN406 .O97 2010 Non-circulating</subfield>
         <subfield code="e">available</subfield>
         <subfield code="t">Available</subfield>
         <subfield code="f">1</subfield>
         <subfield code="g">0</subfield>
         <subfield code="h">N</subfield>
         <subfield code="i">0</subfield>
         <subfield code="j">AWRES</subfield>
         <subfield code="k">0</subfield>
      </datafield>
      <marc:datafield tag="852" ind1=" " ind2=" ">
         <marc:subfield code="b">Institute for the Study of the Ancient World, </marc:subfield>
         <marc:subfield code="c">Reserves</marc:subfield>
         <marc:subfield code="e">15 East 84th St., </marc:subfield>
         <marc:subfield code="e">New York, NY  10028</marc:subfield>
      </marc:datafield>
   </record>