
  
  
  
  
  
  
  
  
  
  
  
 
  
  <record xsi:schemaLocation="http://www.loc.gov/MARC21/slim http://www.loc.gov/standards/marcxml/schema/MARC21slim.xsd">
      <leader>00000cas a2200481 a 4500</leader>
      <controlfield tag="FMT">SE</controlfield>
      <controlfield tag="LDR">00000cas a2200481 a 4500</controlfield>
      <controlfield tag="001">003519770</controlfield>
      <controlfield tag="003">OCoLC</controlfield>
      <controlfield tag="005">20120425105527.0</controlfield>
      <controlfield tag="008">111019c20069999oncar|    b   0    0eng c</controlfield>
      <datafield tag="010" ind1=" " ind2=" ">
         <subfield code="a">2007222686</subfield>
      </datafield>
      <datafield tag="022" ind1="0" ind2=" ">
         <subfield code="a">1911-8643</subfield>
         <subfield code="l">1911-8643</subfield>
         <subfield code="2">4</subfield>
      </datafield>
      <datafield tag="035" ind1=" " ind2=" ">
         <subfield code="a">(OCoLC)123287246</subfield>
      </datafield>
      <datafield tag="040" ind1=" " ind2=" ">
         <subfield code="a">MZA</subfield>
         <subfield code="c">MZA</subfield>
         <subfield code="d">CLU</subfield>
         <subfield code="d">CGU</subfield>
         <subfield code="d">HLS</subfield>
         <subfield code="d">OCLCQ</subfield>
         <subfield code="d">ZCU</subfield>
         <subfield code="d">NNU</subfield>
      </datafield>
      <datafield tag="041" ind1="1" ind2=" ">
         <subfield code="a">eng</subfield>
         <subfield code="a">fre</subfield>
      </datafield>
      <datafield tag="042" ind1=" " ind2=" ">
         <subfield code="a">pcc</subfield>
      </datafield>
      <datafield tag="043" ind1=" " ind2=" ">
         <subfield code="a">a-iq---</subfield>
      </datafield>
      <datafield tag="050" ind1=" " ind2="4">
         <subfield code="a">DS67</subfield>
         <subfield code="b">.B84</subfield>
      </datafield>
      <datafield tag="079" ind1=" " ind2=" ">
         <subfield code="a">(OCoLC)123287246</subfield>
      </datafield>
      <datafield tag="130" ind1="0" ind2=" ">
         <subfield code="a">Journal (Canadian Society for Mesopotamian Studies)</subfield>
      </datafield>
      <datafield tag="222" ind1=" " ind2="0">
         <subfield code="a">Journal (Canadian Society for Mesopotamian Studies)</subfield>
      </datafield>
      <datafield tag="245" ind1="1" ind2="0">
         <subfield code="a">Journal /</subfield>
         <subfield code="c">The Canadian Society for Mesopotamian Studies.</subfield>
      </datafield>
      <datafield tag="260" ind1=" " ind2=" ">
         <subfield code="a">Toronto, Canada :</subfield>
         <subfield code="b">Canadian Society for Mesopotamian Studies,</subfield>
         <subfield code="c">2006-</subfield>
      </datafield>
      <datafield tag="300" ind1=" " ind2=" ">
         <subfield code="a">v. :</subfield>
         <subfield code="b">ill, ; plans ;</subfield>
         <subfield code="c">28 cm.</subfield>
      </datafield>
      <datafield tag="310" ind1=" " ind2=" ">
         <subfield code="a">Annual</subfield>
      </datafield>
      <datafield tag="362" ind1="0" ind2=" ">
         <subfield code="a">Vol. 1, no. 1 (Fall 2006)-</subfield>
      </datafield>
      <datafield tag="500" ind1=" " ind2=" ">
         <subfield code="a">Title from cover.</subfield>
      </datafield>
      <datafield tag="588" ind1=" " ind2=" ">
         <subfield code="a">Latest issue consulted: Vol. 5 (Fall 2010).</subfield>
      </datafield>
      <datafield tag="515" ind1=" " ind2=" ">
         <subfield code="a">Vol. 1 complete in 1 no.</subfield>
      </datafield>
      <datafield tag="546" ind1=" " ind2=" ">
         <subfield code="a">Texts in English or French.</subfield>
      </datafield>
      <datafield tag="650" ind1=" " ind2="0">
         <subfield code="a">Excavations (Archaeology)</subfield>
         <subfield code="z">Iraq</subfield>
         <subfield code="v">Periodicals.</subfield>
      </datafield>
      <datafield tag="651" ind1=" " ind2="0">
         <subfield code="a">Iraq</subfield>
         <subfield code="x">Antiquities</subfield>
         <subfield code="v">Periodicals.</subfield>
      </datafield>
      <datafield tag="651" ind1=" " ind2="0">
         <subfield code="a">Iraq</subfield>
         <subfield code="x">Civilization</subfield>
         <subfield code="y">To 634</subfield>
         <subfield code="v">Periodicals.</subfield>
      </datafield>
      <datafield tag="710" ind1="2" ind2=" ">
         <subfield code="a">Canadian Society for Mesopotamian Studies.</subfield>
      </datafield>
      <datafield tag="780" ind1="0" ind2="0">
         <subfield code="t">Bulletin (Canadian Society for Mesopotamian Studies)</subfield>
         <subfield code="x">0844-3416</subfield>
         <subfield code="w">(DLC)sn 89025347</subfield>
         <subfield code="w">(OCoLC)19117748</subfield>
      </datafield>
      <datafield tag="994" ind1=" " ind2=" ">
         <subfield code="a">Z0</subfield>
         <subfield code="b">ZYU</subfield>
      </datafield>
      <datafield tag="OWN" ind1=" " ind2=" ">
         <subfield code="a">GENERAL</subfield>
      </datafield>
      <datafield tag="966" ind1=" " ind2=" ">
         <subfield code="l">ISAW</subfield>
         <subfield code="d">Oak DS67 .B84</subfield>
         <subfield code="e">1110</subfield>
         <subfield code="j">1-6</subfield>
         <subfield code="k">2006-2011</subfield>
      </datafield>
      <datafield tag="H66" ind1=" " ind2=" ">
         <subfield code="l">ISAW Oak Collection</subfield>
         <subfield code="d">DS67 .B84</subfield>
         <subfield code="q">NISAWOAK=ZZ</subfield>
         <subfield code="e">1110</subfield>
         <subfield code="j">1-6</subfield>
         <subfield code="k">2006-2011</subfield>
      </datafield>
      <datafield tag="966" ind1="4" ind2="1">
         <subfield code="l">ISAW Oak Collection</subfield>
         <subfield code="d">DS67 .B84</subfield>
         <subfield code="e">1110</subfield>
         <subfield code="j">1-6</subfield>
         <subfield code="k">2006-2011</subfield>
      </datafield>
      <datafield tag="AVA" ind1=" " ind2=" ">
         <subfield code="a">NYU50</subfield>
         <subfield code="b">NISAW</subfield>
         <subfield code="c">Oak Collection</subfield>
         <subfield code="d">DS67 .B84 Non-circulating</subfield>
         <subfield code="e">available</subfield>
         <subfield code="t">Available</subfield>
         <subfield code="f">6</subfield>
         <subfield code="g">0</subfield>
         <subfield code="h">Y</subfield>
         <subfield code="i">0</subfield>
         <subfield code="j">OAK</subfield>
         <subfield code="k">0</subfield>
      </datafield>
      <marc:datafield tag="852" ind1=" " ind2=" ">
         <marc:subfield code="b">Institute for the Study of the Ancient World, </marc:subfield>
         <marc:subfield code="c">Oak Collection</marc:subfield>
         <marc:subfield code="e">15 East 84th St., </marc:subfield>
         <marc:subfield code="e">New York, NY  10028</marc:subfield>
      </marc:datafield>
   </record>