
  
  
  
  
  
  
  
  
  
  
  
  
 
  
  <record xsi:schemaLocation="http://www.loc.gov/MARC21/slim http://www.loc.gov/standards/marcxml/schema/MARC21slim.xsd">
      <leader>00000cam a2200817 a 4500</leader>
      <controlfield tag="FMT">BK</controlfield>
      <controlfield tag="LDR">00000cam a2200817 a 4500</controlfield>
      <controlfield tag="001">006278017</controlfield>
      <controlfield tag="003">OCoLC</controlfield>
      <controlfield tag="005">20180828161539.0</controlfield>
      <controlfield tag="008">180814s1994    it ab    b    100 0 ita</controlfield>
      <datafield tag="010" ind1=" " ind2=" ">
         <subfield code="a">95148006</subfield>
      </datafield>
      <datafield tag="020" ind1=" " ind2=" ">
         <subfield code="a">8822242610</subfield>
      </datafield>
      <datafield tag="020" ind1=" " ind2=" ">
         <subfield code="a">9788822242617</subfield>
      </datafield>
      <datafield tag="035" ind1=" " ind2=" ">
         <subfield code="a">(OCoLC)32349803</subfield>
         <subfield code="z">(OCoLC)150794375</subfield>
      </datafield>
      <datafield tag="040" ind1=" " ind2=" ">
         <subfield code="a">DLC</subfield>
         <subfield code="b">eng</subfield>
         <subfield code="c">DLC</subfield>
         <subfield code="d">C3L</subfield>
         <subfield code="d">NLGGC</subfield>
         <subfield code="d">OCLCQ</subfield>
         <subfield code="d">JPG</subfield>
         <subfield code="d">HEBIS</subfield>
         <subfield code="d">OCLCO</subfield>
         <subfield code="d">OCLCF</subfield>
         <subfield code="d">OCLCQ</subfield>
         <subfield code="d">OCLCO</subfield>
         <subfield code="d">OCL</subfield>
         <subfield code="d">OCLCO</subfield>
         <subfield code="d">DEBBG</subfield>
         <subfield code="d">OCLCO</subfield>
         <subfield code="d">OCLCQ</subfield>
         <subfield code="d">NNU</subfield>
      </datafield>
      <datafield tag="041" ind1="0" ind2=" ">
         <subfield code="a">ita</subfield>
         <subfield code="a">fre</subfield>
      </datafield>
      <datafield tag="043" ind1=" " ind2=" ">
         <subfield code="a">e-it---</subfield>
      </datafield>
      <datafield tag="045" ind1=" " ind2=" ">
         <subfield code="a">b0d3</subfield>
      </datafield>
      <datafield tag="050" ind1="0" ind2="0">
         <subfield code="a">DG55.C3</subfield>
         <subfield code="b">P74 1994</subfield>
      </datafield>
      <datafield tag="050" ind1="1" ind2="4">
         <subfield code="a">N5750</subfield>
         <subfield code="b">.S93 no.28</subfield>
      </datafield>
      <datafield tag="079" ind1=" " ind2=" ">
         <subfield code="a">(OCoLC)32349803</subfield>
      </datafield>
      <datafield tag="082" ind1="0" ind2="0">
         <subfield code="a">937/.7</subfield>
         <subfield code="2">20</subfield>
      </datafield>
      <datafield tag="084" ind1=" " ind2=" ">
         <subfield code="a">15.33</subfield>
         <subfield code="2">bcl</subfield>
      </datafield>
      <datafield tag="084" ind1=" " ind2=" ">
         <subfield code="a">6,11</subfield>
         <subfield code="2">ssgn</subfield>
      </datafield>
      <datafield tag="084" ind1=" " ind2=" ">
         <subfield code="a">6,12</subfield>
         <subfield code="2">ssgn</subfield>
      </datafield>
      <datafield tag="084" ind1=" " ind2=" ">
         <subfield code="a">LE 1990</subfield>
         <subfield code="2">rvk</subfield>
      </datafield>
      <datafield tag="084" ind1=" " ind2=" ">
         <subfield code="a">LE 9000</subfield>
         <subfield code="2">rvk</subfield>
      </datafield>
      <datafield tag="245" ind1="0" ind2="3">
         <subfield code="a">La presenza etrusca nella Campania meridionale :</subfield>
         <subfield code="b">atti delle giornate di studio : Salerno-Pontecagnano, 16-18 novembre 1990 /</subfield>
         <subfield code="c">[curato dalla dottoressa Patrizia Gastaldi e dal dottor Guglielmo Maetzke].</subfield>
      </datafield>
      <datafield tag="260" ind1=" " ind2=" ">
         <subfield code="a">Firenze :</subfield>
         <subfield code="b">L.S. Olschki,</subfield>
         <subfield code="c">1994.</subfield>
      </datafield>
      <datafield tag="300" ind1=" " ind2=" ">
         <subfield code="a">516 pages :</subfield>
         <subfield code="b">illustrations, maps ;</subfield>
         <subfield code="c">28 cm.</subfield>
      </datafield>
      <datafield tag="336" ind1=" " ind2=" ">
         <subfield code="a">text</subfield>
         <subfield code="b">txt</subfield>
         <subfield code="2">rdacontent</subfield>
      </datafield>
      <datafield tag="337" ind1=" " ind2=" ">
         <subfield code="a">unmediated</subfield>
         <subfield code="b">n</subfield>
         <subfield code="2">rdamedia</subfield>
      </datafield>
      <datafield tag="338" ind1=" " ind2=" ">
         <subfield code="a">volume</subfield>
         <subfield code="b">nc</subfield>
         <subfield code="2">rdacarrier</subfield>
      </datafield>
      <datafield tag="490" ind1="1" ind2=" ">
         <subfield code="a">Biblioteca di studi etruschi ;</subfield>
         <subfield code="v">28</subfield>
      </datafield>
      <datafield tag="546" ind1=" " ind2=" ">
         <subfield code="a">Italian and French.</subfield>
      </datafield>
      <datafield tag="500" ind1=" " ind2=" ">
         <subfield code="a">"Le 'Giornate di studio su La presenza etrusca nella Campania meridionale' sono state promosse dalla Soprintendenza archeologica per le provincie di Salerno, Avellino e Benevento; dall'Istituto universitario orientale di Napoli; e dall'Università degli studi di Salerno"--Title page verso.</subfield>
      </datafield>
      <datafield tag="504" ind1=" " ind2=" ">
         <subfield code="a">Includes bibliographical references (pages 9-26).</subfield>
      </datafield>
      <datafield tag="505" ind1="0" ind2="0">
         <subfield code="t">Prima giornata di lavori : Seduta antimeridiana del 16 novembre 1990.</subfield>
         <subfield code="t">Prolusione /</subfield>
         <subfield code="r">Massimo Pallottino --</subfield>
         <subfield code="t">Ruolo dell'Istituto Centrale del Catalogo /</subfield>
         <subfield code="r">Franca Badoni Parise --</subfield>
         <subfield code="t">Il progetto della nuova sede del Museo di Pontecagnano /</subfield>
         <subfield code="r">Giancarlo Cosenza.</subfield>
         <subfield code="t">Seduta pomeridiana del 16 novembre 1990.</subfield>
         <subfield code="t">Variazioni sul tema di villanoviano applicato alla Campania /</subfield>
         <subfield code="r">Renato Peroni --</subfield>
         <subfield code="t">Strutturasociale e rapporti di scambio nel IX sec a.C. /</subfield>
         <subfield code="r">Patrizia Gastaldi --</subfield>
         <subfield code="t">Bronzi nuragici nelle tombe della prima Età del Ferro /</subfield>
         <subfield code="r">Fulvia Lo Schiavo --</subfield>
         <subfield code="t">Appunti sulla cultura di Capua nella prima Età del Ferro /</subfield>
         <subfield code="r">Werner Johannowsky --</subfield>
         <subfield code="t">Problèmes chronologiques et topographiques /</subfield>
         <subfield code="r">Pascal Ruby --</subfield>
         <subfield code="t">Necropli di Sala Consilina /</subfield>
         <subfield code="t">Flavia Trucco --</subfield>
         <subfield code="t">Necroploi di Madonna di Piazza Granmichele /</subfield>
         <subfield code="r">Rosa Maria Albanese Procelli --</subfield>
         <subfield code="t">Populonia fra la fine dell'VIII e l'inizio del VII sec a.C. /</subfield>
         <subfield code="r">Antonella Romualdi.</subfield>
         <subfield code="t">Seconda giornata di lavori : Seduta antimeridiana del 17 novembre 1990.</subfield>
         <subfield code="t">La cultura laziale e il villanoviano salernitano /</subfield>
         <subfield code="r">Gilda Bartoloni --</subfield>
         <subfield code="t">Sviluppi verso l'urbanizzazione dell'Italia Tirrenica protostorica /</subfield>
         <subfield code="r">Marco Pacciarelli --</subfield>
         <subfield code="t">Note preliminari per una periodizzazione del villanoviano di Vetulonia /</subfield>
         <subfield code="r">Mario Cygielman --</subfield>
         <subfield code="t">Prima di Demarato : nuovi dati sulla presenza di ceramiche greche a Tarquinia durante la prima metà dell'orientalizzante /</subfield>
         <subfield code="r">Stefano Bruni --</subfield>
         <subfield code="t">Ricerche di superficie relative alla prima età del ferro /</subfield>
         <subfield code="r">Alessandro Mandolesi.</subfield>
         <subfield code="t">Seduta pomeridiana del 17 novembre 1990.</subfield>
         <subfield code="t">L'Etruscità della Campania meridionale alla luce delle iscrizioni /</subfield>
         <subfield code="r">Giovanni Colonna -- Sulle più antiche iscrizioni italiche della Campania /</subfield>
         <subfield code="r">Mauro Cristofani.</subfield>
      </datafield>
      <datafield tag="505" ind1="8" ind2="0">
         <subfield code="t">Terza giornata di lavori : Seduta antimeridiana del 18 novembre 1990.</subfield>
         <subfield code="t">Le terrecotte architettoniche e votive di Fratte /</subfield>
         <subfield code="r">Giovanna Greco --</subfield>
         <subfield code="t">Modelli di organizzazione in età arcaica attraverso la lettura delle necropoli : il caso di Pontecagnano /</subfield>
         <subfield code="r">Luca Cerchiai, Mariassunta Cuozzo, Andrea D'Andrea, Eliana Magione --</subfield>
         <subfield code="t">Modelli di organizzazione in età arcaica attraverso la lettura della necropoli di Fratte /</subfield>
         <subfield code="r">Angela Pontrandolfo, Luigina Tomay, Roberta Donnarumma --</subfield>
         <subfield code="t">Aspetti dell'Etruria Campana /</subfield>
         <subfield code="r">Maria Bonghi Jovino --</subfield>
         <subfield code="t">Problemi del popolamento nell'Etruria Padana /</subfield>
         <subfield code="r">Guiseppe Sassatelli.</subfield>
         <subfield code="t">La presenza etrusca in Campania (Chiusura del Convegno) /</subfield>
         <subfield code="r">David Ridgway.</subfield>
      </datafield>
      <datafield tag="651" ind1=" " ind2="0">
         <subfield code="a">Campania (Italy)</subfield>
         <subfield code="x">Antiquities</subfield>
         <subfield code="v">Congresses.</subfield>
      </datafield>
      <datafield tag="650" ind1=" " ind2="0">
         <subfield code="a">Etruscans</subfield>
         <subfield code="z">Italy</subfield>
         <subfield code="z">Campania</subfield>
         <subfield code="v">Congresses.</subfield>
      </datafield>
      <datafield tag="650" ind1=" " ind2="0">
         <subfield code="a">Excavations (Archaeology)</subfield>
         <subfield code="z">Italy</subfield>
         <subfield code="z">Campania</subfield>
         <subfield code="v">Congresses.</subfield>
      </datafield>
      <datafield tag="651" ind1=" " ind2="7">
         <subfield code="a">Campania.</subfield>
         <subfield code="2">pleiades</subfield>
         <subfield code="0">https://pleiades.stoa.org/places/432742</subfield>
      </datafield>
      <datafield tag="650" ind1=" " ind2="7">
         <subfield code="a">Antiquities.</subfield>
         <subfield code="2">fast</subfield>
         <subfield code="0">(OCoLC)fst00810745</subfield>
      </datafield>
      <datafield tag="650" ind1=" " ind2="7">
         <subfield code="a">Etruscans.</subfield>
         <subfield code="2">fast</subfield>
         <subfield code="0">(OCoLC)fst00916316</subfield>
      </datafield>
      <datafield tag="650" ind1=" " ind2="7">
         <subfield code="a">Excavations (Archaeology)</subfield>
         <subfield code="2">fast</subfield>
         <subfield code="0">(OCoLC)fst00917564</subfield>
      </datafield>
      <datafield tag="651" ind1=" " ind2="7">
         <subfield code="a">Italy</subfield>
         <subfield code="z">Campania.</subfield>
         <subfield code="2">fast</subfield>
         <subfield code="0">(OCoLC)fst01204375</subfield>
      </datafield>
      <datafield tag="650" ind1="0" ind2="7">
         <subfield code="a">Etrusker.</subfield>
         <subfield code="0">(DE-588)4015627-8</subfield>
         <subfield code="2">gnd</subfield>
      </datafield>
      <datafield tag="651" ind1=" " ind2="7">
         <subfield code="a">Kampanien</subfield>
         <subfield code="z">Süd.</subfield>
         <subfield code="0">(DE-588)4556460-7</subfield>
         <subfield code="2">gnd</subfield>
      </datafield>
      <datafield tag="655" ind1=" " ind2="7">
         <subfield code="a">Conference papers and proceedings.</subfield>
         <subfield code="2">fast</subfield>
         <subfield code="0">(OCoLC)fst01423772</subfield>
      </datafield>
      <datafield tag="700" ind1="1" ind2=" ">
         <subfield code="a">Gastaldi, Patrizia.</subfield>
      </datafield>
      <datafield tag="700" ind1="1" ind2=" ">
         <subfield code="a">Maetzke, Guglielmo.</subfield>
      </datafield>
      <datafield tag="710" ind1="1" ind2=" ">
         <subfield code="a">Italy.</subfield>
         <subfield code="b">Soprintendenza archeologica per le province di Salerno, Avellino e Benevento.</subfield>
      </datafield>
      <datafield tag="710" ind1="2" ind2=" ">
         <subfield code="a">Istituto universitario orientale (Naples, Italy)</subfield>
      </datafield>
      <datafield tag="710" ind1="2" ind2=" ">
         <subfield code="a">Università degli studi di Salerno.</subfield>
      </datafield>
      <datafield tag="711" ind1="2" ind2=" ">
         <subfield code="a">Giornate di studio su La presenza etrusca nella Campania meridionale</subfield>
         <subfield code="d">(1990 :</subfield>
         <subfield code="c">Salerno, Italy, and Pontecagnano, Italy)</subfield>
      </datafield>
      <datafield tag="776" ind1="0" ind2="8">
         <subfield code="i">Online version:</subfield>
         <subfield code="t">Presenza etrusca nella Campania meridionale.</subfield>
         <subfield code="d">Firenze : L.S. Olschki, 1994</subfield>
         <subfield code="w">(OCoLC)623362329</subfield>
      </datafield>
      <datafield tag="776" ind1="0" ind2="8">
         <subfield code="i">Online version:</subfield>
         <subfield code="t">Presenza etrusca nella Campania meridionale.</subfield>
         <subfield code="d">Firenze : L.S. Olschki, 1994</subfield>
         <subfield code="w">(OCoLC)632053879</subfield>
      </datafield>
      <datafield tag="830" ind1=" " ind2="0">
         <subfield code="a">Biblioteca di "Studi etruschi" (Florence, Italy) ;</subfield>
         <subfield code="v">28.</subfield>
      </datafield>
      <datafield tag="856" ind1="4" ind2="1">
         <subfield code="3">Table of contents</subfield>
         <subfield code="u">http://bvbr.bib-bvb.de:8991/F?func=service&amp;doc_library=BVB01&amp;local_base=BVB01&amp;doc_number=006762960&amp;line_number=0001&amp;func_code=DB_RECORDS&amp;service_type=MEDIA</subfield>
      </datafield>
      <datafield tag="994" ind1=" " ind2=" ">
         <subfield code="a">Z0</subfield>
         <subfield code="b">ZYU</subfield>
      </datafield>
      <datafield tag="OWN" ind1=" " ind2=" ">
         <subfield code="a">GENERAL</subfield>
      </datafield>
      <datafield tag="AVA" ind1=" " ind2=" ">
         <subfield code="a">NYU50</subfield>
         <subfield code="b">NISAW</subfield>
         <subfield code="c">Reserves</subfield>
         <subfield code="d">DG55.C3 P74 1994 Non-circulating</subfield>
         <subfield code="e">available</subfield>
         <subfield code="t">Available</subfield>
         <subfield code="f">1</subfield>
         <subfield code="g">0</subfield>
         <subfield code="h">N</subfield>
         <subfield code="i">0</subfield>
         <subfield code="j">AWRES</subfield>
         <subfield code="k">0</subfield>
      </datafield>
      <marc:datafield tag="852" ind1=" " ind2=" ">
         <marc:subfield code="b">Institute for the Study of the Ancient World, </marc:subfield>
         <marc:subfield code="c">Reserves</marc:subfield>
         <marc:subfield code="e">15 East 84th St., </marc:subfield>
         <marc:subfield code="e">New York, NY  10028</marc:subfield>
      </marc:datafield>
   </record>