
  
  
  
  
  
  
  
  
  
  
  
  
 
  
  <record xsi:schemaLocation="http://www.loc.gov/MARC21/slim http://www.loc.gov/standards/marcxml/schema/MARC21slim.xsd">
      <leader>00000nam a2200385Ii 4500</leader>
      <controlfield tag="FMT">BK</controlfield>
      <controlfield tag="LDR">00000nam a2200385Ii 4500</controlfield>
      <controlfield tag="001">006279731</controlfield>
      <controlfield tag="003">OCoLC</controlfield>
      <controlfield tag="005">20180816161208.0</controlfield>
      <controlfield tag="008">180816t20162016enkabe   b    000 0 eng d</controlfield>
      <datafield tag="035" ind1=" " ind2=" ">
         <subfield code="a">(OCoLC)1048615484</subfield>
      </datafield>
      <datafield tag="040" ind1=" " ind2=" ">
         <subfield code="a">ZYU</subfield>
         <subfield code="b">eng</subfield>
         <subfield code="e">rda</subfield>
         <subfield code="c">ZYU</subfield>
      </datafield>
      <datafield tag="043" ind1=" " ind2=" ">
         <subfield code="a">mm-----</subfield>
      </datafield>
      <datafield tag="050" ind1="0" ind2="4">
         <subfield code="a">PA50</subfield>
         <subfield code="b">.D54 2016</subfield>
      </datafield>
      <datafield tag="245" ind1="0" ind2="0">
         <subfield code="a">Digital approaches to the ancient world /</subfield>
         <subfield code="c">edited by Gabriel Bodard, Yanne Broux, and Ségolène Tarte.</subfield>
      </datafield>
      <datafield tag="264" ind1=" " ind2="1">
         <subfield code="a">London :</subfield>
         <subfield code="b">Institute of Classical Studies, School of Advanced Study, University of London,</subfield>
         <subfield code="c">2016.</subfield>
      </datafield>
      <datafield tag="264" ind1=" " ind2="4">
         <subfield code="c">©2016</subfield>
      </datafield>
      <datafield tag="300" ind1=" " ind2=" ">
         <subfield code="a">viii, 157 pages :</subfield>
         <subfield code="b">illustrations (some color), maps, plans ;</subfield>
         <subfield code="c">25 cm.</subfield>
      </datafield>
      <datafield tag="336" ind1=" " ind2=" ">
         <subfield code="a">text</subfield>
         <subfield code="b">txt</subfield>
         <subfield code="2">rdacontent</subfield>
      </datafield>
      <datafield tag="337" ind1=" " ind2=" ">
         <subfield code="a">unmediated</subfield>
         <subfield code="b">n</subfield>
         <subfield code="2">rdamedia</subfield>
      </datafield>
      <datafield tag="338" ind1=" " ind2=" ">
         <subfield code="a">volume</subfield>
         <subfield code="b">nc</subfield>
         <subfield code="2">rdacarrier</subfield>
      </datafield>
      <datafield tag="490" ind1="1" ind2=" ">
         <subfield code="a">Bulletin of the Institute of Classical Studies,</subfield>
         <subfield code="x">0076-0730 ;</subfield>
         <subfield code="v">59-2.</subfield>
      </datafield>
      <datafield tag="500" ind1=" " ind2=" ">
         <subfield code="a">Title from cover.</subfield>
      </datafield>
      <datafield tag="500" ind1=" " ind2=" ">
         <subfield code="a">Special issue of the Bulletin of the Institute of Classical Studies.</subfield>
      </datafield>
      <datafield tag="505" ind1="0" ind2="0">
         <subfield code="t">Near East.</subfield>
         <subfield code="t">A camel driver in the Achaemenid Persian Empire : social network analysis of a non-elite professional and the Persepolis Fortification archive /</subfield>
         <subfield code="r">J. Troy Samuels --</subfield>
         <subfield code="t">Ancient Egyptian texts in context : towards a conceptual data model (the Thot Data Model - TDM) /</subfield>
         <subfield code="r">Stéphanie Polis &amp; Vincent Razanajao.</subfield>
         <subfield code="t">History and landscape.</subfield>
         <subfield code="t">Making sense of the ways we make sense of the past: the PeriodO project /</subfield>
         <subfield code="r">Adam Rabinowitz, et al. --</subfield>
         <subfield code="t">New approaches to ancient spatial models : digital humanities and classical geography /</subfield>
         <subfield code="r">Chiara Palladino --</subfield>
         <subfield code="t">Potential pasts : taking a humanistic approach to computer visualization of ancient landscapes /</subfield>
         <subfield code="r">Elaine Sullivan.</subfield>
         <subfield code="t">Greek and Latin.</subfield>
         <subfield code="t">Morphological analysis of historical languages /</subfield>
         <subfield code="r">Neel Smith --</subfield>
         <subfield code="t">A user-centered design to annotate ritual facts in ancient Greek tragedies /</subfield>
         <subfield code="r">Gloria Mugelli, et al. --</subfield>
         <subfield code="t">Documenting Homeric text-reuse in the Deipnosophistae of Athenaeus of Naucratis /</subfield>
         <subfield code="r">Monica Berti, et al. --</subfield>
         <subfield code="t">The authorship of the Historia Augusta : two new computational studies /</subfield>
         <subfield code="r">Justin A. Stover &amp; Mike Kestemont.</subfield>
      </datafield>
      <datafield tag="500" ind1=" " ind2=" ">
         <subfield code="a">ISAW copy is a gift of the editors.</subfield>
         <subfield code="5">NyNyUAW</subfield>
      </datafield>
      <datafield tag="650" ind1=" " ind2="0">
         <subfield code="a">Classical philology</subfield>
         <subfield code="x">Data processing.</subfield>
      </datafield>
      <datafield tag="650" ind1=" " ind2="0">
         <subfield code="a">Classical philology</subfield>
         <subfield code="x">Study and teaching.</subfield>
      </datafield>
      <datafield tag="650" ind1=" " ind2="0">
         <subfield code="a">Civilization, Ancient</subfield>
         <subfield code="x">Data processing.</subfield>
      </datafield>
      <datafield tag="650" ind1=" " ind2="0">
         <subfield code="a">Civilization, Ancient</subfield>
         <subfield code="x">Study and teaching.</subfield>
      </datafield>
      <datafield tag="650" ind1=" " ind2="0">
         <subfield code="a">Digital humanities.</subfield>
      </datafield>
      <datafield tag="700" ind1="1" ind2=" ">
         <subfield code="a">Bodard, Gabriel,</subfield>
         <subfield code="e">editor.</subfield>
      </datafield>
      <datafield tag="700" ind1="1" ind2=" ">
         <subfield code="a">Broux, Yanne,</subfield>
         <subfield code="e">editor.</subfield>
      </datafield>
      <datafield tag="700" ind1="1" ind2=" ">
         <subfield code="a">Tarte, Ségolène M.,</subfield>
         <subfield code="e">editor.</subfield>
      </datafield>
      <datafield tag="830" ind1=" " ind2="0">
         <subfield code="a">Bulletin of the Institute of Classical Studies ;</subfield>
         <subfield code="v">v. 59, no. 2.</subfield>
      </datafield>
      <datafield tag="994" ind1=" " ind2=" ">
         <subfield code="a">Z0</subfield>
         <subfield code="b">ZYU</subfield>
      </datafield>
      <datafield tag="OWN" ind1=" " ind2=" ">
         <subfield code="a">GENERAL</subfield>
      </datafield>
      <datafield tag="AVA" ind1=" " ind2=" ">
         <subfield code="a">NYU50</subfield>
         <subfield code="b">NISAW</subfield>
         <subfield code="c">Small Collection</subfield>
         <subfield code="d">PA50 .D54 2016 Non-circulating</subfield>
         <subfield code="e">available</subfield>
         <subfield code="t">Available</subfield>
         <subfield code="f">1</subfield>
         <subfield code="g">0</subfield>
         <subfield code="h">N</subfield>
         <subfield code="i">0</subfield>
         <subfield code="j">SMALL</subfield>
         <subfield code="k">0</subfield>
      </datafield>
      <marc:datafield tag="852" ind1=" " ind2=" ">
         <marc:subfield code="b">Institute for the Study of the Ancient World, </marc:subfield>
         <marc:subfield code="c">Small Collection</marc:subfield>
         <marc:subfield code="e">15 East 84th St., </marc:subfield>
         <marc:subfield code="e">New York, NY  10028</marc:subfield>
      </marc:datafield>
   </record>