
  
  
  
  
  
  
  
  
  
  
 
  
  <record xsi:schemaLocation="http://www.loc.gov/MARC21/slim http://www.loc.gov/standards/marcxml/schema/MARC21slim.xsd">
      <leader>00000cam a2200457Ii 4500</leader>
      <controlfield tag="FMT">BK</controlfield>
      <controlfield tag="LDR">00000cam a2200457Ii 4500</controlfield>
      <controlfield tag="001">006279826</controlfield>
      <controlfield tag="003">OCoLC</controlfield>
      <controlfield tag="005">20180817145629.0</controlfield>
      <controlfield tag="008">180817t20182018be ab    b    001 0 eng d</controlfield>
      <datafield tag="020" ind1=" " ind2=" ">
         <subfield code="a">9789042937130</subfield>
      </datafield>
      <datafield tag="020" ind1=" " ind2=" ">
         <subfield code="a">9042937130</subfield>
      </datafield>
      <datafield tag="020" ind1=" " ind2=" ">
         <subfield code="z">9789042937147</subfield>
         <subfield code="q">(e-book)</subfield>
      </datafield>
      <datafield tag="035" ind1=" " ind2=" ">
         <subfield code="a">(OCoLC)1046070112</subfield>
      </datafield>
      <datafield tag="040" ind1=" " ind2=" ">
         <subfield code="a">ERASA</subfield>
         <subfield code="b">eng</subfield>
         <subfield code="e">rda</subfield>
         <subfield code="c">ERASA</subfield>
         <subfield code="d">YDX</subfield>
         <subfield code="d">OHX</subfield>
         <subfield code="d">ZYU</subfield>
      </datafield>
      <datafield tag="041" ind1="0" ind2=" ">
         <subfield code="a">eng</subfield>
         <subfield code="a">ger</subfield>
         <subfield code="a">fre</subfield>
      </datafield>
      <datafield tag="043" ind1=" " ind2=" ">
         <subfield code="a">aw-----</subfield>
      </datafield>
      <datafield tag="050" ind1=" " ind2="4">
         <subfield code="a">DS56</subfield>
         <subfield code="b">.R46 2015</subfield>
      </datafield>
      <datafield tag="079" ind1=" " ind2=" ">
         <subfield code="a">(OCoLC)1046070112</subfield>
      </datafield>
      <datafield tag="082" ind1="0" ind2="4">
         <subfield code="a">932-933</subfield>
      </datafield>
      <datafield tag="111" ind1="2" ind2=" ">
         <subfield code="a">Rencontre assyriologique internationale</subfield>
         <subfield code="n">(61st :</subfield>
         <subfield code="d">2015 :</subfield>
         <subfield code="c">Geneva and Bern, Switzerland)</subfield>
      </datafield>
      <datafield tag="245" ind1="1" ind2="0">
         <subfield code="a">Text and image :</subfield>
         <subfield code="b">proceedings of the 61e Rencontre Assyriologique Internationale, Geneva and Bern, 22-26 June 2015 /</subfield>
         <subfield code="c">edited by Pascal Attinger [and 10 others] ; editorial layout by Sabine Ecklin.</subfield>
      </datafield>
      <datafield tag="264" ind1=" " ind2="1">
         <subfield code="a">Leuven, Paris, Bristol, CT :</subfield>
         <subfield code="b">Peeters,</subfield>
         <subfield code="c">2018.</subfield>
      </datafield>
      <datafield tag="264" ind1=" " ind2="4">
         <subfield code="c">©2018</subfield>
      </datafield>
      <datafield tag="300" ind1=" " ind2=" ">
         <subfield code="a">xxiv, 526 pages :</subfield>
         <subfield code="b">illustrations (some color), maps, plans ;</subfield>
         <subfield code="c">32 cm.</subfield>
      </datafield>
      <datafield tag="336" ind1=" " ind2=" ">
         <subfield code="a">text</subfield>
         <subfield code="b">txt</subfield>
         <subfield code="2">rdacontent</subfield>
      </datafield>
      <datafield tag="337" ind1=" " ind2=" ">
         <subfield code="a">unmediated</subfield>
         <subfield code="b">n</subfield>
         <subfield code="2">rdamedia</subfield>
      </datafield>
      <datafield tag="338" ind1=" " ind2=" ">
         <subfield code="a">volume</subfield>
         <subfield code="b">nc</subfield>
         <subfield code="2">rdacarrier</subfield>
      </datafield>
      <datafield tag="490" ind1="1" ind2=" ">
         <subfield code="a">Orbis Biblicus et Orientalis. Series Archaeologica ;</subfield>
         <subfield code="v">40</subfield>
      </datafield>
      <datafield tag="504" ind1=" " ind2=" ">
         <subfield code="a">Includes bibliographical references and indexes.</subfield>
      </datafield>
      <datafield tag="546" ind1=" " ind2=" ">
         <subfield code="a">Contributions in English, German, or French.</subfield>
      </datafield>
      <datafield tag="520" ind1="8" ind2=" ">
         <subfield code="a">This book contains the proceedings of the 61e Rencontre Assyriologique Internationale, which was held in Geneva and Bern in Switzerland from 22nd until 26th June 2015. The overarching conference theme ?Text and Image? addressed a topic of fundamental importance for historical research on ancient Near Eastern cultures and societies. The aim of the conference was to stimulate an interdisciplinary dialogue between the closely related, but increasingly diverging disciplines of Near Eastern Archaeology and Assyriology. Fifty-one articles are published in three languages, including contributions to the main topic and to a number of workshops organized in the context of the RAI, as well as reports on an extraordinary session devoted to cultural heritage.</subfield>
      </datafield>
      <datafield tag="505" ind1="0" ind2="0">
         <subfield code="t">Opening sessions.</subfield>
         <subfield code="t">Hommage à Pierre Amiet : Écrit et image dans l'Antiquité orientale/</subfield>
         <subfield code="r">Ariane Thomas -- Bridging the gap : in retrospect and in prospect /</subfield>
         <subfield code="r">Nicholas Postgate.</subfield>
         <subfield code="t">Papers.</subfield>
         <subfield code="t">Quelques contrats de commandes d'étoffes à Nuzi /</subfield>
         <subfield code="r">Philippe Abrahami et Brigitte Lion --</subfield>
         <subfield code="t">Demonization of enemies in Mesopotamian literature : a case study in verbal imagery /</subfield>
         <subfield code="r">Nikita Artemov --</subfield>
         <subfield code="t">Identifying the big bird in the battle reliefs of Ashurnasirpal II /</subfield>
         <subfield code="r">Mehmet-Ali Ataç --</subfield>
         <subfield code="t">Composite creatures on seal impressions of Nuzi /</subfield>
         <subfield code="r">Benedetta Bellucci --</subfield>
         <subfield code="t">Herméneutique de l'action pour l'étude des relations entre les entités animées et leur agency au Proche-Orient ancien: Hypatia et alii /</subfield>
         <subfield code="r">Vanessa Bigot Juloux --</subfield>
         <subfield code="t">The divine "image" and "shadow" in iconography, inscriptions and philology /</subfield>
         <subfield code="r">Daniel Bodi --</subfield>
         <subfield code="t">La cuisse de Baal : analyse d'un rituel d'intégration /</subfield>
         <subfield code="r">Daniel Bonneterre --</subfield>
         <subfield code="t">"Of marshes, kings, and rebels" : on the perception and representation of southern Mesopotamian wetlands at the Neo-Assyrian royal court /</subfield>
         <subfield code="r">Sebastian Borkowski --</subfield>
         <subfield code="t">Bemerkungen zur vermittelnden Gottheit unter besonderer Berücksichtigung der sumerischen Königshymnen /</subfield>
         <subfield code="r">Manuel Ceccarelli --</subfield>
         <subfield code="t">Beschriftete Hundestatuetten aus Mesopotamien /</subfield>
         <subfield code="r">Nicolas A. Corfù und Joachim Oelsner --</subfield>
         <subfield code="t">An overview on the excavations at Üçtepe Höyük (ancient Tušḫan) : the 1988–1992 excavation seasons /</subfield>
         <subfield code="r">Şevket Dönmez --</subfield>
         <subfield code="t">"I was swollen with hunger and he kept me alive" : the imagery of the legal texts from Emar /</subfield>
         <subfield code="r">Lena Fijałkowska --</subfield>
         <subfield code="t">The Nuzi apprenticeship contracts /</subfield>
         <subfield code="r">Jeanette C. Fincke --</subfield>
         <subfield code="t">Decreeing fate and name-giving in enūma eliš : approaching a fundamental Mesopotamian concept with special consideration of the underlying assumptions and of the condition of possibility of human knowledge /</subfield>
         <subfield code="r">Gösta Gabriel --</subfield>
      </datafield>
      <datafield tag="505" ind1="8" ind2="0">
         <subfield code="t">Dating the reigns of Xerxes and Artaxerxes /</subfield>
         <subfield code="r">Gérard Gertoux --</subfield>
         <subfield code="t">Une nouvelle archive privée d'un marchand de l'époque d'Ur III /</subfield>
         <subfield code="r">Ari Kh. Kamil --</subfield>
         <subfield code="t">Text als Bild : Graphic Reading am Beispiel der sumerischen Rangstreitgespräche /</subfield>
         <subfield code="r">Fabienne Kilchör und Catherine Mittermayer --</subfield>
         <subfield code="t">Gilgameš's ghosts : a case for Enkidu's Catalog of the Dead as a manual for apprentice exorcists /</subfield>
         <subfield code="r">John A. Lynch --</subfield>
         <subfield code="t">Le rapport entre texte et image dans les reliefs de Ḫorsābād : tradition et innovation un siècle et demi après Assurnaṣirpal II /</subfield>
         <subfield code="r">Paolo Matthiae --</subfield>
         <subfield code="t">Text and architecture: YBC 5022 and BM 15285 as "manuals of an architect" /</subfield>
         <subfield code="r">Natalie N. May --</subfield>
         <subfield code="t">Construire l'image, dire les rites : essai sur l'iconographie des rituels hittites /</subfield>
         <subfield code="r">Patrick M. Michel --</subfield>
         <subfield code="t">Estimation and observation : a study of two Old Babylonian tabular administrative documents /</subfield>
         <subfield code="r">Robert Middeke-Conlin --</subfield>
         <subfield code="t">The movement of text and image within the layout of an envelope throughout Mesopotamian history /</subfield>
         <subfield code="r">Bonka Nedeltscheva --</subfield>
         <subfield code="t">'If the earth quakes...': The Nuzi text SMN 3180 /</subfield>
         <subfield code="r">Paola Negri Scafa --</subfield>
         <subfield code="t">Questions of text and image in ancient Samʼal (Zincirli) /</subfield>
         <subfield code="r">Herbert Niehr --</subfield>
         <subfield code="t">Dolmens in the Amuq Plain: Kızılkaya survey /</subfield>
         <subfield code="r">Aynur Özfırat --</subfield>
         <subfield code="t">Textes et images à Nuzi : le cas du scribe Itḫ-apiḫe fils de Taya /</subfield>
         <subfield code="r">Véronique Pataï --</subfield>
         <subfield code="t">Representations of steles in the palace glyptic of Early Syrian Ebla /</subfield>
         <subfield code="r">Frances Pinnock --</subfield>
         <subfield code="t">Tigridian royal representation : text and image between tradition and innovation /</subfield>
         <subfield code="r">Beate Pongratz-Leisten --</subfield>
         <subfield code="t">Ships bringing timber for the palace of Sargon : alternative presentations of reality /</subfield>
         <subfield code="r">Julian Edgeworth Reade --</subfield>
         <subfield code="t">Identification through image and legend : inscribed seals from Kültepe lower town level II /</subfield>
         <subfield code="r">Melissa Ricetti --</subfield>
         <subfield code="t">Showing off: Old Babylonian "goddess in a structure" plaques revisited /</subfield>
         <subfield code="r">Elisa Rossberger --</subfield>
      </datafield>
      <datafield tag="505" ind1="8" ind2="0">
         <subfield code="t">"Dieser Ziegel ist wie Lapislazuli..." : ein bisher übersehenes Bauritual im Kontext der frühen sumerischen Beschwörungen /</subfield>
         <subfield code="r">Nadezda Rudik --</subfield>
         <subfield code="t">Enūma eliš meets the so-called Babylonian Map of the World : an image and its text /</subfield>
         <subfield code="r">JoAnn Scurlock --</subfield>
         <subfield code="t">Step by step : correcting our mental image of the mušlālu /</subfield>
         <subfield code="r">Alexander E. Sollee and Johanna Tudeau --</subfield>
         <subfield code="t">Ninĝirsu, Ninurta und Sirius in sumerischem Kontext /</subfield>
         <subfield code="r">Marie-Louise Thomsen --</subfield>
         <subfield code="t">All the king's adamindugas : textual images of Ur III sovereigns as managers of the universe /</subfield>
         <subfield code="r">Luděk Vacín --</subfield>
         <subfield code="t">Hittites in North-Central Anatolia : a compilation of the current evidence /</subfield>
         <subfield code="r">Aslıhan Yurtsever Beyazıt.</subfield>
         <subfield code="g">Workshop :</subfield>
         <subfield code="t">International Relations theory and Ancient Near Eastern history.</subfield>
         <subfield code="t">Introduction to the workshop International Relations theory and Ancient Near Eastern history /</subfield>
         <subfield code="r">Selim F. Adalı and Lucas G. Freire --</subfield>
         <subfield code="t">Balances of power in the Hatti-Egypt-Mittani system (1400–1300 B.C.) /</subfield>
         <subfield code="r">Serdar Ş. Güner --</subfield>
         <subfield code="t">System and society: The Near East in the second millennium BCE /</subfield>
         <subfield code="r">Lucas G. Freire --</subfield>
         <subfield code="t">Reconsidering international relations in Southwest Asia during the Late Bronze Age /</subfield>
         <subfield code="r">Emanuel Pfoh --</subfield>
         <subfield code="t">A Near Eastern states system before the classical period : comparing the Greek poleis system with ancient Near Eastern state formation /</subfield>
         <subfield code="r">Alex Aissaoui --</subfield>
         <subfield code="t">What is policy impact? Questioning narratives of political events in the last century of the Assyrian Empire /</subfield>
         <subfield code="r">Selim F. Adalı.</subfield>
         <subfield code="g">Extraordinary session :</subfield>
         <subfield code="t">Strategies for restoration and reconstruction : museums, heritage sites and archaeological parks in post-war countries /</subfield>
         <subfield code="r">Cynthia Dunning, Mohamad Fakhro, Denis Genequand, Mirko Novák.</subfield>
      </datafield>
      <datafield tag="500" ind1=" " ind2=" ">
         <subfield code="a">ISAW copy: Donated by Eva von Dassow from her winnings in the Assyriological Pub Quiz held at Tribaun on July 17, 2018, in conjunction with the 64th Rencontre Assyriologique Internationale, Innsbruck, Austria.</subfield>
         <subfield code="5">NyNyUAW</subfield>
      </datafield>
      <datafield tag="651" ind1=" " ind2="0">
         <subfield code="a">Middle East</subfield>
         <subfield code="x">Civilization</subfield>
         <subfield code="y">To 622</subfield>
         <subfield code="v">Congresses.</subfield>
      </datafield>
      <datafield tag="650" ind1=" " ind2="0">
         <subfield code="a">Assyriology</subfield>
         <subfield code="x">Congresses.</subfield>
      </datafield>
      <datafield tag="650" ind1=" " ind2="0">
         <subfield code="a">Middle Eastern philology</subfield>
         <subfield code="x">Congresses.</subfield>
      </datafield>
      <datafield tag="700" ind1="1" ind2=" ">
         <subfield code="a">Attinger, Pascal,</subfield>
         <subfield code="d">1952-</subfield>
         <subfield code="e">editor.</subfield>
      </datafield>
      <datafield tag="830" ind1=" " ind2="0">
         <subfield code="a">Orbis biblicus et orientalis.</subfield>
         <subfield code="p">Series Archaeologica ;</subfield>
         <subfield code="v">40.</subfield>
      </datafield>
      <datafield tag="994" ind1=" " ind2=" ">
         <subfield code="a">Z0</subfield>
         <subfield code="b">ZYU</subfield>
      </datafield>
      <datafield tag="OWN" ind1=" " ind2=" ">
         <subfield code="a">GENERAL</subfield>
      </datafield>
      <datafield tag="AVA" ind1=" " ind2=" ">
         <subfield code="a">NYU50</subfield>
         <subfield code="b">NISAW</subfield>
         <subfield code="c">Reserves</subfield>
         <subfield code="d">DS56 .R46 2015 Non-circulating</subfield>
         <subfield code="e">available</subfield>
         <subfield code="t">Available</subfield>
         <subfield code="f">1</subfield>
         <subfield code="g">0</subfield>
         <subfield code="h">N</subfield>
         <subfield code="i">0</subfield>
         <subfield code="j">AWRES</subfield>
         <subfield code="k">0</subfield>
      </datafield>
      <marc:datafield tag="852" ind1=" " ind2=" ">
         <marc:subfield code="b">Institute for the Study of the Ancient World, </marc:subfield>
         <marc:subfield code="c">Reserves</marc:subfield>
         <marc:subfield code="e">15 East 84th St., </marc:subfield>
         <marc:subfield code="e">New York, NY  10028</marc:subfield>
      </marc:datafield>
   </record>