
  
  
  
  
  
  
  
  
  
  
  
 
  
  <record xsi:schemaLocation="http://www.loc.gov/MARC21/slim http://www.loc.gov/standards/marcxml/schema/MARC21slim.xsd">
      <leader>00000cam a22      i 4500</leader>
      <controlfield tag="FMT">BK</controlfield>
      <controlfield tag="LDR">00000cam a22      i 4500</controlfield>
      <controlfield tag="001">006280426</controlfield>
      <controlfield tag="005">20180820155130.0</controlfield>
      <controlfield tag="008">180820s2016    cc af    b    000 0 chi d</controlfield>
      <datafield tag="010" ind1=" " ind2=" ">
         <subfield code="a">  2017383450</subfield>
      </datafield>
      <datafield tag="020" ind1=" " ind2=" ">
         <subfield code="a">9787030503879</subfield>
      </datafield>
      <datafield tag="020" ind1=" " ind2=" ">
         <subfield code="a">7030503872</subfield>
      </datafield>
      <datafield tag="035" ind1=" " ind2=" ">
         <subfield code="a">(OCoLC)965129235</subfield>
      </datafield>
      <datafield tag="040" ind1=" " ind2=" ">
         <subfield code="a">BCBTC</subfield>
         <subfield code="b">eng</subfield>
         <subfield code="e">rda</subfield>
         <subfield code="c">DLC</subfield>
         <subfield code="d">HFL</subfield>
         <subfield code="d">OCLCF</subfield>
         <subfield code="d">HUA</subfield>
         <subfield code="d">BP1</subfield>
         <subfield code="d">BCBTC</subfield>
         <subfield code="d">MZA</subfield>
         <subfield code="d">NNU</subfield>
      </datafield>
      <datafield tag="042" ind1=" " ind2=" ">
         <subfield code="a">lccopycat</subfield>
      </datafield>
      <datafield tag="043" ind1=" " ind2=" ">
         <subfield code="a">a-cc-ss</subfield>
      </datafield>
      <datafield tag="050" ind1="0" ind2="0">
         <subfield code="a">NK7983.Z68</subfield>
         <subfield code="b">Z689 2016</subfield>
      </datafield>
      <datafield tag="079" ind1=" " ind2=" ">
         <subfield code="a">(OCoLC)965129235</subfield>
      </datafield>
      <datafield tag="245" ind1="0" ind2="0">
         <subfield code="6">880-01</subfield>
         <subfield code="a">Zhouyuan :</subfield>
         <subfield code="b">Zhuangbai Xi Zhou qing tong qi jiao cang kao gu fa jue bao gao /</subfield>
         <subfield code="c">Baoji Shi Zhouyuan bo wu guan bian zhu.</subfield>
      </datafield>
      <datafield tag="246" ind1="3" ind2="0">
         <subfield code="6">880-02</subfield>
         <subfield code="a">Zhuangbai Xi Zhou qing tong qi jiao cang kao gu fa jue bao gao</subfield>
      </datafield>
      <datafield tag="250" ind1=" " ind2=" ">
         <subfield code="6">880-03</subfield>
         <subfield code="a">Di yi ban.</subfield>
      </datafield>
      <datafield tag="264" ind1=" " ind2="1">
         <subfield code="6">880-04</subfield>
         <subfield code="a">Beijing :</subfield>
         <subfield code="b">Ke xue chu ban she,</subfield>
         <subfield code="c">2016.</subfield>
      </datafield>
      <datafield tag="300" ind1=" " ind2=" ">
         <subfield code="a">xxii, 136 pages, 103 unnumbered pages of plates :</subfield>
         <subfield code="b">illustrations (chiefly color) ;</subfield>
         <subfield code="c">30 cm</subfield>
      </datafield>
      <datafield tag="336" ind1=" " ind2=" ">
         <subfield code="a">text</subfield>
         <subfield code="2">rdacontent</subfield>
      </datafield>
      <datafield tag="336" ind1=" " ind2=" ">
         <subfield code="a">still image</subfield>
         <subfield code="b">sti</subfield>
         <subfield code="2">rdacontent</subfield>
      </datafield>
      <datafield tag="337" ind1=" " ind2=" ">
         <subfield code="a">unmediated</subfield>
         <subfield code="2">rdamedia</subfield>
      </datafield>
      <datafield tag="338" ind1=" " ind2=" ">
         <subfield code="a">volume</subfield>
         <subfield code="2">rdacarrier</subfield>
      </datafield>
      <datafield tag="504" ind1=" " ind2=" ">
         <subfield code="a">Includes bibliographical references.</subfield>
      </datafield>
      <datafield tag="650" ind1=" " ind2="0">
         <subfield code="a">Bronzes, Chinese</subfield>
         <subfield code="z">China</subfield>
         <subfield code="z">Zhouyuan.</subfield>
      </datafield>
      <datafield tag="650" ind1=" " ind2="0">
         <subfield code="a">Bronzes, Chinese</subfield>
         <subfield code="z">China</subfield>
         <subfield code="z">Fufeng Xian</subfield>
         <subfield code="y">To 221 B.C.</subfield>
      </datafield>
      <datafield tag="650" ind1=" " ind2="0">
         <subfield code="a">Bronzes</subfield>
         <subfield code="z">China</subfield>
         <subfield code="z">Baoji Shi.</subfield>
      </datafield>
      <datafield tag="650" ind1=" " ind2="7">
         <subfield code="a">Bronzes.</subfield>
         <subfield code="2">fast</subfield>
         <subfield code="0">(OCoLC)fst00839541</subfield>
      </datafield>
      <datafield tag="650" ind1=" " ind2="7">
         <subfield code="a">Bronzes, Chinese.</subfield>
         <subfield code="2">fast</subfield>
         <subfield code="0">(OCoLC)fst00839562</subfield>
      </datafield>
      <datafield tag="651" ind1=" " ind2="7">
         <subfield code="a">China</subfield>
         <subfield code="z">Baoji Shi.</subfield>
         <subfield code="2">fast</subfield>
         <subfield code="0">(OCoLC)fst01238911</subfield>
      </datafield>
      <datafield tag="651" ind1=" " ind2="7">
         <subfield code="a">China</subfield>
         <subfield code="z">Fufeng Xian.</subfield>
         <subfield code="2">fast</subfield>
         <subfield code="0">(OCoLC)fst01275421</subfield>
      </datafield>
      <datafield tag="651" ind1=" " ind2="7">
         <subfield code="a">China</subfield>
         <subfield code="z">Zhouyuan.</subfield>
         <subfield code="2">fast</subfield>
         <subfield code="0">(OCoLC)fst01254153</subfield>
      </datafield>
      <datafield tag="648" ind1=" " ind2="7">
         <subfield code="a">To 221 B.C.</subfield>
         <subfield code="2">fast</subfield>
      </datafield>
      <datafield tag="710" ind1="2" ind2=" ">
         <subfield code="6">880-05</subfield>
         <subfield code="a">Baoji Shi Zhouyuan bo wu guan,</subfield>
         <subfield code="e">editor.</subfield>
      </datafield>
      <datafield tag="880" ind1="0" ind2="0">
         <subfield code="6">245-01/</subfield>
         <subfield code="a">周原 :</subfield>
         <subfield code="b">庄白西周青铜器窖藏考古发掘报告 /</subfield>
         <subfield code="c">宝鸡市周原博物馆编著.</subfield>
      </datafield>
      <datafield tag="880" ind1="3" ind2="0">
         <subfield code="6">246-02/</subfield>
         <subfield code="a">庄白西周青铜器窖藏考古发掘报告</subfield>
      </datafield>
      <datafield tag="880" ind1=" " ind2=" ">
         <subfield code="6">250-03/</subfield>
         <subfield code="a">第一版.</subfield>
      </datafield>
      <datafield tag="880" ind1=" " ind2="1">
         <subfield code="6">264-04/</subfield>
         <subfield code="a">北京 :</subfield>
         <subfield code="b">科学出版社,</subfield>
         <subfield code="c">2016.</subfield>
      </datafield>
      <datafield tag="880" ind1=" " ind2=" ">
         <subfield code="6">520-00/</subfield>
         <subfield code="a">周原遗址发现的窖藏青铜器群,它们分属于同姓或异姓王臣贵族的世传重器.可知重要的器主有天亡,毛公,盂,善夫克,函皇父,梁其,中氏,#x9C;,̦散伯車父,裘卫,伯,虢季氏,白公父,琱戎父,微氏等为首的家族,不胜枚举.可见周王广招天下贤士,封官赐爵,为有效地统治广大疆域巩固政权,获得了强有力的家族集团的支持.这些大臣贵族在王朝担任官职,而在岐周受赐有别馆或采邑,受到周王的优抚,构成西周王业发展强大的政治基础.</subfield>
      </datafield>
      <datafield tag="880" ind1="2" ind2=" ">
         <subfield code="6">710-05/</subfield>
         <subfield code="a">宝鸡市周原博物馆,</subfield>
         <subfield code="e">editor.</subfield>
      </datafield>
      <datafield tag="OWN" ind1=" " ind2=" ">
         <subfield code="a">GENERAL</subfield>
      </datafield>
      <datafield tag="AVA" ind1=" " ind2=" ">
         <subfield code="a">NYU50</subfield>
         <subfield code="b">NISAW</subfield>
         <subfield code="c">Large Collection</subfield>
         <subfield code="d">NK7983.Z68 Z689 2016 Non-circulating</subfield>
         <subfield code="e">available</subfield>
         <subfield code="t">Available</subfield>
         <subfield code="f">1</subfield>
         <subfield code="g">0</subfield>
         <subfield code="h">N</subfield>
         <subfield code="i">0</subfield>
         <subfield code="j">LARGE</subfield>
         <subfield code="k">0</subfield>
      </datafield>
      <marc:datafield tag="852" ind1=" " ind2=" ">
         <marc:subfield code="b">Institute for the Study of the Ancient World, </marc:subfield>
         <marc:subfield code="c">Large Collection</marc:subfield>
         <marc:subfield code="e">15 East 84th St., </marc:subfield>
         <marc:subfield code="e">New York, NY  10028</marc:subfield>
      </marc:datafield>
   </record>