
  
  
  
  
  
  
  
  
  
 
  
  <record xsi:schemaLocation="http://www.loc.gov/MARC21/slim http://www.loc.gov/standards/marcxml/schema/MARC21slim.xsd">
      <leader>00000cam a2200373Ii 4500</leader>
      <controlfield tag="FMT">BK</controlfield>
      <controlfield tag="LDR">00000cam a2200373Ii 4500</controlfield>
      <controlfield tag="001">006320865</controlfield>
      <controlfield tag="003">OCoLC</controlfield>
      <controlfield tag="005">20180831093115.0</controlfield>
      <controlfield tag="008">180508t20162008cauab  f b    001 0 eng</controlfield>
      <datafield tag="020" ind1=" " ind2=" ">
         <subfield code="a">9781598746167</subfield>
         <subfield code="q">paperback</subfield>
      </datafield>
      <datafield tag="020" ind1=" " ind2=" ">
         <subfield code="a">1598746162</subfield>
         <subfield code="q">paperback</subfield>
      </datafield>
      <datafield tag="035" ind1=" " ind2=" ">
         <subfield code="a">(OCoLC)1035016678</subfield>
      </datafield>
      <datafield tag="040" ind1=" " ind2=" ">
         <subfield code="a">YDX</subfield>
         <subfield code="b">eng</subfield>
         <subfield code="e">rda</subfield>
         <subfield code="c">YDX</subfield>
         <subfield code="d">OCLCF</subfield>
         <subfield code="d">ZYU</subfield>
      </datafield>
      <datafield tag="050" ind1=" " ind2="4">
         <subfield code="a">CC75</subfield>
         <subfield code="b">.H36 2016</subfield>
      </datafield>
      <datafield tag="079" ind1=" " ind2=" ">
         <subfield code="a">(OCoLC)1035016678</subfield>
      </datafield>
      <datafield tag="082" ind1="0" ind2="4">
         <subfield code="a">930.1</subfield>
         <subfield code="2">22</subfield>
      </datafield>
      <datafield tag="245" ind1="0" ind2="0">
         <subfield code="a">Handbook of landscape archaeology /</subfield>
         <subfield code="c">Bruno David and Julian Thomas, editors.</subfield>
      </datafield>
      <datafield tag="264" ind1=" " ind2="1">
         <subfield code="a">Abingdon, Oxon ;</subfield>
         <subfield code="a">New York, NY :</subfield>
         <subfield code="b">Routledge,</subfield>
         <subfield code="c">2016.</subfield>
      </datafield>
      <datafield tag="264" ind1=" " ind2="4">
         <subfield code="c">©2008</subfield>
      </datafield>
      <datafield tag="300" ind1=" " ind2=" ">
         <subfield code="a">719 pages :</subfield>
         <subfield code="b">illustrations, maps ;</subfield>
         <subfield code="c">26 cm.</subfield>
      </datafield>
      <datafield tag="336" ind1=" " ind2=" ">
         <subfield code="a">text</subfield>
         <subfield code="b">txt</subfield>
         <subfield code="2">rdacontent</subfield>
      </datafield>
      <datafield tag="337" ind1=" " ind2=" ">
         <subfield code="a">unmediated</subfield>
         <subfield code="b">n</subfield>
         <subfield code="2">rdamedia</subfield>
      </datafield>
      <datafield tag="338" ind1=" " ind2=" ">
         <subfield code="a">volume</subfield>
         <subfield code="b">nc</subfield>
         <subfield code="2">rdacarrier</subfield>
      </datafield>
      <datafield tag="490" ind1="1" ind2=" ">
         <subfield code="a">World Archaeological Congress research handbooks in archaeology</subfield>
      </datafield>
      <datafield tag="500" ind1=" " ind2=" ">
         <subfield code="a">Originally published: 2008; first paperback edition: 2010.</subfield>
      </datafield>
      <datafield tag="504" ind1=" " ind2=" ">
         <subfield code="a">Includes bibliographical references and index.</subfield>
      </datafield>
      <datafield tag="505" ind1="0" ind2="0">
         <subfield code="g">Part I.</subfield>
         <subfield code="t">Historical Perspectives.</subfield>
         <subfield code="t">Landscape Archaeology : Introduction /</subfield>
         <subfield code="r">Bruno David and Julian Thomas --</subfield>
         <subfield code="t">A Place in Landscape Archaeology : A Western Philosophical Prelude /</subfield>
         <subfield code="r">Edward S. Casey --</subfield>
         <subfield code="t">Uncommon Ground : Landscapes as Social Geography /</subfield>
         <subfield code="r">Veronica Strang --</subfield>
         <subfield code="t">Pathways To a Panoramic Past : A Brief History of European Landscape Archaeology /</subfield>
         <subfield code="r">Timothy Darvill --</subfield>
         <subfield code="t">A Brief History of Landscape Archaeology in the Americas /</subfield>
         <subfield code="r">Thomas C. Patterson --</subfield>
         <subfield code="t">Thinking of Landscape Archaeology in Africa's Later Prehistory : Always Something New /</subfield>
         <subfield code="r">Rod McIntosh.</subfield>
         <subfield code="g">Part II.</subfield>
         <subfield code="t">Encountering Humans : Mapping Place.</subfield>
         <subfield code="t">Non-human Primate Approaches to Landscapes /</subfield>
         <subfield code="r">Russell Hill --</subfield>
         <subfield code="t">Pre-Homo sapiens Place-Worlds /</subfield>
         <subfield code="r">Andrew Chamberlain --</subfield>
         <subfield code="t">Evolutionary Psychology and Archaeological Landscapes /</subfield>
         <subfield code="r">Herbert D.G. Maschner and Ben C. Marler.</subfield>
      </datafield>
      <datafield tag="505" ind1="8" ind2="0">
         <subfield code="g">Part III.</subfield>
         <subfield code="t">Thinking Through Landscapes.</subfield>
         <subfield code="t">The Social Construction of Water /</subfield>
         <subfield code="r">Veronica Strang --</subfield>
         <subfield code="t">Reading Between the Lands : Towards an Amphibious Archaeological Settlement Model for Maritime Migrations /</subfield>
         <subfield code="r">Joe Crouch --</subfield>
         <subfield code="t">Island Biogeography : Implications and Applications for Archaeology /</subfield>
         <subfield code="r">John Edward Terrell --</subfield>
         <subfield code="t">Sentient Sea : Seascapes as Spiritscapes /</subfield>
         <subfield code="r">Ian McNiven --</subfield>
         <subfield code="t">Living Landscapes of the Dead : Archaeology of the Afterworld Among the Rumu of Papua New Guinea /</subfield>
         <subfield code="r">Bruno David [and nine others] --</subfield>
         <subfield code="t">Visions of the Cosmos : Ceremonial Landscapes and Civic Plans /</subfield>
         <subfield code="r">Wendy Ashmore --</subfield>
         <subfield code="t">Quarried Away : Thinking About Landscapes of Megalithic Construction on Rapa Nui (Easter Island) /</subfield>
         <subfield code="r">Sue Hamilton [and three others] --</subfield>
         <subfield code="t">Object Fragmentation in Past Landscapes /</subfield>
         <subfield code="r">John Chapman --</subfield>
         <subfield code="t">Boundaries and the Archaeology of Frontier Zones /</subfield>
         <subfield code="r">Mike McCarthy --</subfield>
         <subfield code="t">The Archaeology of Territory and Territoriality /</subfield>
         <subfield code="r">María Nieves Zedeño --</subfield>
         <subfield code="t">From Physical to Social Landscapes : Multidimensional Approaches to the Archaeology of Social Place in the European Upper Palaeolithic /</subfield>
         <subfield code="r">Jean-Michel Geneste, Jean-Christophe Casel and Jean-Pierre Chadelle --</subfield>
         <subfield code="t">The Use of Ethnography in Landscape Archaeology /</subfield>
         <subfield code="r">Paul J. Lane.</subfield>
         <subfield code="g">Part IV.</subfield>
         <subfield code="t">Living landscapes : The Body and the Experience of Place.</subfield>
         <subfield code="t">Gender in Landscape Archaeology /</subfield>
         <subfield code="r">Amanda Kearney --</subfield>
         <subfield code="t">Hidden Landscapes of the Body /</subfield>
         <subfield code="r">Clive Gamble --</subfield>
         <subfield code="t">The Body and the Senses : Implications for Landscape Archaeology /</subfield>
         <subfield code="r">Paul Rainbird --</subfield>
         <subfield code="t">Phenomenological Approaches to Landscape Archaeology /</subfield>
         <subfield code="r">Chris Tilley --</subfield>
         <subfield code="t">Memory, Place, and the Memorialization of Landscape /</subfield>
         <subfield code="r">Ruth M. Van Dyke --</subfield>
         <subfield code="t">Virtual Reality, Visual Envelopes, and Characterizing Landscape /</subfield>
         <subfield code="r">Vicki Cummings --</subfield>
         <subfield code="t">Landscape and Personhood /</subfield>
         <subfield code="r">Chris Fowler --</subfield>
         <subfield code="t">Archaeology, Landscape, and Dwelling /</subfield>
         <subfield code="r">Julian Thomas --</subfield>
         <subfield code="t">Building and Architecture as Landscape Practice /</subfield>
         <subfield code="r">Lesley McFadyen --</subfield>
      </datafield>
      <datafield tag="505" ind1="8" ind2="0">
         <subfield code="t">Farming, Herding, and the Transformation of Human Landscapes in Southwestern Asia /</subfield>
         <subfield code="r">Ofer Bar-Yosef --</subfield>
         <subfield code="t">Domesticated Landscapes /</subfield>
         <subfield code="r">John Edward Terrell and John P. Hart --</subfield>
         <subfield code="t">Punctuated Landscapes : Creating Cultural Places in Volcanically Active Environments /</subfield>
         <subfield code="r">Robin Torrence.</subfield>
         <subfield code="g">Part V.</subfield>
         <subfield code="t">Characterizing Landscapes.</subfield>
         <subfield code="t">Dating in Landscape Archaeology /</subfield>
         <subfield code="r">Richard G. Roberts and Zenobia Jacobs --</subfield>
         <subfield code="t">Stratigraphy, Depositional Environments and Palaeolandscape Reconstruction in Landscape Archaeology /</subfield>
         <subfield code="r">Nicola Stern --</subfield>
         <subfield code="t">Geographical Scale in Understanding Human Landscapes /</subfield>
         <subfield code="r">Lesley Head --</subfield>
         <subfield code="t">Landscape and Climate Change /</subfield>
         <subfield code="r">Michael J. Rowland --</subfield>
         <subfield code="t">Human Behavioral Ecology and the Use of Ancient Landscapes /</subfield>
         <subfield code="r">Douglas W. Bird and Brian Codding --</subfield>
         <subfield code="t">Desert Landscapes in Archaeology : A Case Study From the Negev /</subfield>
         <subfield code="r">Steven A. Rosen --</subfield>
         <subfield code="t">Landscapes of Fire : Origins, Politics and Questions /</subfield>
         <subfield code="r">Christian Kull --</subfield>
         <subfield code="t">Microbotanical Remains in Landscape Archaeology /</subfield>
         <subfield code="r">Cassandra Rowe and Peter Kershaw --</subfield>
         <subfield code="t">Beyond Economy : Seed Analysis in Landscape Archaeology /</subfield>
         <subfield code="r">Andrew Stephen Fairbairn --</subfield>
         <subfield code="t">The Use of Wood Charcoal in Landscape Archaeology /</subfield>
         <subfield code="r">Nic Dolby --</subfield>
         <subfield code="t">Terrestrial Invertebrates in Landscape Archaeology /</subfield>
         <subfield code="r">Nick Porch --</subfield>
         <subfield code="t">Environmental Archaeology : Interpreting Practices-in-the-Landscape through Geoarchaeology /</subfield>
         <subfield code="r">Tim Denham --</subfield>
         <subfield code="t">The Archaeology of Wetland Landscapes : Method and Theory at the Beginning of the 21st Century /</subfield>
         <subfield code="r">Robert Van de Noort --</subfield>
         <subfield code="t">Lithics and Landscape Archaeology /</subfield>
         <subfield code="r">Chris Clarkson --</subfield>
         <subfield code="t">The Use of Human Skeletal Remains in Landscape Archaeology /</subfield>
         <subfield code="r">Donald Pate --</subfield>
         <subfield code="t">Using DNA in Landscape Archaeology /</subfield>
         <subfield code="r">Elizabeth Matisoo-Smith --</subfield>
         <subfield code="t">Sourcing Techniques in Landscape Archaeology /</subfield>
         <subfield code="r">Glenn Summerhayes --</subfield>
         <subfield code="t">Tracking Ancient Routes Across Polynesian Seascapes with Basalt Artifact Geochemistry /</subfield>
         <subfield code="r">Marshall Weisler --</subfield>
         <subfield code="t">The Uses of Archaeological Faunal Remains in Landscape Archaeology /</subfield>
         <subfield code="r">Ingrid Mainland --</subfield>
      </datafield>
      <datafield tag="505" ind1="8" ind2="0">
         <subfield code="t">Survey Strategies in Landscape Archaeology /</subfield>
         <subfield code="r">Thomas Richards --</subfield>
         <subfield code="t">Noninvasive Subsurface Mapping Techniques, Satellite and Aerial Imagery in Landscape Archaeology /</subfield>
         <subfield code="r">Paul N. Cheetham --</subfield>
         <subfield code="t">Geographical Information Systems and Landscape Achaeology /</subfield>
         <subfield code="r">James Conolly --</subfield>
         <subfield code="t">Ploughzone Archaeology in Historical Archaeology /</subfield>
         <subfield code="r">Alasdair Brooks --</subfield>
         <subfield code="t">Landscape Formation Processes /</subfield>
         <subfield code="r">Michael P. Heilen, Michael B. Schiffer and J. Jefferson Reid --</subfield>
         <subfield code="t">Counter-Mapping in the Archaeological Landscape /</subfield>
         <subfield code="r">Denis Byrne.</subfield>
         <subfield code="g">Part VI.</subfield>
         <subfield code="t">Nonlevel Playing Fields : Diversities, Inequalities and Power Relations in Landscape Archaeology.</subfield>
         <subfield code="t">Landscapes of Power, Institution and Incarceration /</subfield>
         <subfield code="r">Eleanor Conlin Casella --</subfield>
         <subfield code="t">Cultural Resource Management and the Protection of Valued Tribal Spaces : A View from the Western United States /</subfield>
         <subfield code="r">Diane Lorraine Teeman --</subfield>
         <subfield code="t">When a Stone Tool is A Dingo : Country and Relatedness in Australian Aboriginal Notions of Landscape /</subfield>
         <subfield code="r">John J. Bradley --</subfield>
         <subfield code="t">Imagined Landscapes : Edges of the (Un)Known /</subfield>
         <subfield code="r">Lynette Russell --</subfield>
         <subfield code="t">Topographies of Values : Ethical Issues in Landscape Archaeology /</subfield>
         <subfield code="r">Marisa Lazzari --</subfield>
         <subfield code="t">Contested Landscapes : Rights to History, Rights to Place : Who Controls Archaeological Places? /</subfield>
         <subfield code="r">Jane Lydon.</subfield>
      </datafield>
      <datafield tag="650" ind1=" " ind2="0">
         <subfield code="a">Landscape archaeology.</subfield>
      </datafield>
      <datafield tag="650" ind1=" " ind2="7">
         <subfield code="a">Landscape archaeology.</subfield>
         <subfield code="2">fast</subfield>
         <subfield code="0">(OCoLC)fst00991791</subfield>
      </datafield>
      <datafield tag="700" ind1="1" ind2=" ">
         <subfield code="a">Thomas, Julian,</subfield>
         <subfield code="d">1959-</subfield>
         <subfield code="e">editor.</subfield>
      </datafield>
      <datafield tag="700" ind1="1" ind2=" ">
         <subfield code="a">David, Bruno,</subfield>
         <subfield code="d">1962-</subfield>
         <subfield code="e">editor.</subfield>
      </datafield>
      <datafield tag="711" ind1="2" ind2=" ">
         <subfield code="a">World Archaeological Congress.</subfield>
      </datafield>
      <datafield tag="830" ind1=" " ind2="0">
         <subfield code="a">World Archaeological Congress research handbooks in archaeology.</subfield>
      </datafield>
      <datafield tag="994" ind1=" " ind2=" ">
         <subfield code="a">Z0</subfield>
         <subfield code="b">ZYU</subfield>
      </datafield>
      <datafield tag="OWN" ind1=" " ind2=" ">
         <subfield code="a">GENERAL</subfield>
      </datafield>
      <datafield tag="AVA" ind1=" " ind2=" ">
         <subfield code="a">NYU50</subfield>
         <subfield code="b">NISAW</subfield>
         <subfield code="c">Reserves</subfield>
         <subfield code="d">CC75 .H36 2016 Non-circulating</subfield>
         <subfield code="e">available</subfield>
         <subfield code="t">Available</subfield>
         <subfield code="f">1</subfield>
         <subfield code="g">0</subfield>
         <subfield code="h">N</subfield>
         <subfield code="i">0</subfield>
         <subfield code="j">AWRES</subfield>
         <subfield code="k">0</subfield>
      </datafield>
      <marc:datafield tag="852" ind1=" " ind2=" ">
         <marc:subfield code="b">Institute for the Study of the Ancient World, </marc:subfield>
         <marc:subfield code="c">Reserves</marc:subfield>
         <marc:subfield code="e">15 East 84th St., </marc:subfield>
         <marc:subfield code="e">New York, NY  10028</marc:subfield>
      </marc:datafield>
   </record>