
  
  
  
  
  
  
  
  
  
  
  
  
 
  
  <record xsi:schemaLocation="http://www.loc.gov/MARC21/slim http://www.loc.gov/standards/marcxml/schema/MARC21slim.xsd">
      <leader>00000cam a22     Ii 4500</leader>
      <controlfield tag="FMT">BK</controlfield>
      <controlfield tag="LDR">00000cam a22     Ii 4500</controlfield>
      <controlfield tag="001">006321147</controlfield>
      <controlfield tag="005">20180831135726.0</controlfield>
      <controlfield tag="008">180828s2017    fr abe   b    101 0 fre d</controlfield>
      <datafield tag="020" ind1=" " ind2=" ">
         <subfield code="a">9782701804972</subfield>
         <subfield code="q">(paperback)</subfield>
      </datafield>
      <datafield tag="020" ind1=" " ind2=" ">
         <subfield code="a">2701804973</subfield>
         <subfield code="q">(paperback)</subfield>
      </datafield>
      <datafield tag="035" ind1=" " ind2=" ">
         <subfield code="a">(OCoLC)989648587</subfield>
      </datafield>
      <datafield tag="040" ind1=" " ind2=" ">
         <subfield code="a">AUXAM</subfield>
         <subfield code="b">eng</subfield>
         <subfield code="e">rda</subfield>
         <subfield code="c">AUXAM</subfield>
         <subfield code="d">UBC</subfield>
         <subfield code="d">OCLCO</subfield>
         <subfield code="d">PUL</subfield>
         <subfield code="d">NOC</subfield>
         <subfield code="d">OCLCA</subfield>
         <subfield code="d">OCLCF</subfield>
         <subfield code="d">TJC</subfield>
         <subfield code="d">OCLCA</subfield>
         <subfield code="d">YDX</subfield>
         <subfield code="d">VA@</subfield>
         <subfield code="d">C3L</subfield>
         <subfield code="d">IPS</subfield>
         <subfield code="d">ZYU</subfield>
      </datafield>
      <datafield tag="041" ind1="0" ind2=" ">
         <subfield code="a">fre</subfield>
         <subfield code="a">eng</subfield>
         <subfield code="a">ita</subfield>
         <subfield code="b">fre</subfield>
         <subfield code="b">eng</subfield>
      </datafield>
      <datafield tag="050" ind1=" " ind2="4">
         <subfield code="a">DE2.5</subfield>
         <subfield code="b">.H47 2017</subfield>
      </datafield>
      <datafield tag="079" ind1=" " ind2=" ">
         <subfield code="a">(OCoLC)989648587</subfield>
      </datafield>
      <datafield tag="082" ind1=" " ind2="4">
         <subfield code="a">930</subfield>
      </datafield>
      <datafield tag="245" ind1="0" ind2="2">
         <subfield code="a">L'héritage grec des colonies romaines d'Orient :</subfield>
         <subfield code="b">interactions culturelles dans les provinces hellénophones de l'empire romain : actes du colloque de Strasbourg (8-9 novembre 2013) /</subfield>
         <subfield code="c">édités par Cédric Brélaz.</subfield>
      </datafield>
      <datafield tag="264" ind1=" " ind2="1">
         <subfield code="a">Paris :</subfield>
         <subfield code="b">Éditions de Boccard,</subfield>
         <subfield code="c">2017.</subfield>
      </datafield>
      <datafield tag="300" ind1=" " ind2=" ">
         <subfield code="a">467 pages :</subfield>
         <subfield code="b">illustrations (some color), maps, plans ;</subfield>
         <subfield code="c">24 cm.</subfield>
      </datafield>
      <datafield tag="336" ind1=" " ind2=" ">
         <subfield code="a">text</subfield>
         <subfield code="b">txt</subfield>
         <subfield code="2">rdacontent</subfield>
      </datafield>
      <datafield tag="337" ind1=" " ind2=" ">
         <subfield code="a">unmediated</subfield>
         <subfield code="b">n</subfield>
         <subfield code="2">rdamedia</subfield>
      </datafield>
      <datafield tag="338" ind1=" " ind2=" ">
         <subfield code="a">volume</subfield>
         <subfield code="b">nc</subfield>
         <subfield code="2">rdacarrier</subfield>
      </datafield>
      <datafield tag="490" ind1="1" ind2=" ">
         <subfield code="a">Études d'archéologie et d'histoire ancienne,</subfield>
         <subfield code="x">1284-6325</subfield>
      </datafield>
      <datafield tag="546" ind1=" " ind2=" ">
         <subfield code="a">Essays in French, English, or Italian, with abstracts in French and English.</subfield>
      </datafield>
      <datafield tag="504" ind1=" " ind2=" ">
         <subfield code="a">Includes bibliographical references (pages 393-450) and indexes.</subfield>
      </datafield>
      <datafield tag="505" ind1="0" ind2=" ">
         <subfield code="a">Les colonies romaines d'Achaïe et de Macédoine. La Seconde Sophistique et l'héritage grec de Corinthe / Johann Goeken -- Graecia capta ferum victorem cepit : cultural expropriation and assimilation in Roman Corinth / Benjamin Millis -- Les colonies romaines de l'Albanie d'aujourd'hui (Dyrrachium, Byllis, Buthrote) et l'héritage grec / Élizabeth Deniaux -- De Buthrote et Patras à Dymè : les colonies de "substitution" ou l'expression du pragmatisme romain face aux oppositions indigènes / Athanase Rizakis -- The Greek presence in the Roman colonies of Kassandreia and Pella / Nikos Giannakopoulos -- Traces du passé macédonien et influences de l'hellénisme dans les colonies de Dion et de Philippes / Cédric Brélaz &amp; Julien Demaille -- Les colonies romaines d'Asie mineure et de Crète. Towards a 'Colonial Hellenism' : Hellenic heritage and Hellenization in Alexandria Troas / Annika B. Kuhn -- La colonie d'Apamée-Myrléa : "un îlot de romanité en pays grec" ? / Éric Guerber -- La Colonia Julia Felix Sinope : d'une ironie tragique à une réalité / Claire Barat -- L'hellénisme à Antioche de Pisidie à l'époque impériale romaine (langue, institutions, onomastique) / Hadrien Bru -- Les interactions culturelles dans la colonie romaine d'Antioche de Pisidie (cultes et vie religieuse) / Guy Labarre -- Dépasser Antioche : les autres colonies romaines augustéennes de Pisidie / Nicole Belayche -- Normalization of Knossos : material and non-material evidence / Martha W. Baldwin Bowsky -- Les colonies romaines du Proche-Orient. De Berytus à Héliopolis : nouvelles identités et recompositions territoriales / Anne-Rose Hošek -- Caesarea-on-the-Sea and Aelia Capitolina : two ambiguous Roman colonies / Benjamin Isaac -- Les colonies romaines de l'occident grec. "Bande à part" : l'eredità greca nelle colonie augustee di Sicilia / Kalle Korhonen --</subfield>
      </datafield>
      <datafield tag="505" ind1="0" ind2=" ">
         <subfield code="a">L'identità greca di Neapolis / Elena Miranda de Martino -- En guise de bilan : de la colonia à la polis, histoire d'une assimilation / Cédric Brélaz.</subfield>
      </datafield>
      <datafield tag="520" ind1=" " ind2=" ">
         <subfield code="a">"En l'espace de quelques décennies, du milieu des années 40 av. J.-C. au principat augustéen, une trentaine de colonies furent implantées par les autorités romaines dans les provinces hellénophones de l'empire, en Sicile, en Grèce, en Asie Mineure et au Proche-Orient. De même que les colonies fondées au même moment en Occident, ces établissements devaient permettre de fournir des terres aux vétérans démobilisés à l' issue des guerres civiles successives qui avaient déchiré la République romaine dans la seconde moitié du r siècle av. J.-C., ainsi qu'aux civils chassés d'Italie au cours de ces événements. La création de ces colonies à l'emplacement de cités grecques préexistantes entraîna dans chaque cas une profonde césure dans l'histoire de ces dernières. D'un point de vue institutionnel, ces communautés de citoyens romains greffées en pays hellénique étaient, selon la formule célèbre d'Aulu-Gelle, des "répliques" de Rome. Toutes les traces des cités grecques déchues ne purent toutefois être effacées par les migrants italiens et les colonies se trouvèrent, de fait, les dépositaires d'un important héritage hellénique, à la fois matériel, culturel et mémoriel. Bien loin d'avoir été des îlots de latinité en terre grecque, les colonies se révélèrent, de plus, perméables aux influences de leur environnement provincial et hellénophone.</subfield>
      </datafield>
      <datafield tag="520" ind1=" " ind2=" ">
         <subfield code="a">Cet ouvrage, en dressant un bilan des interactions culturelles qui prévalurent entre les colonies romaines d'Orient et leur milieu dans les domaines les plus variés (urbanisme, culture matérielle, langues, institutions, relations sociales, cultes, identités collectives) et en analysant les modalités de l'assimilation progressive de ces communautés à l'hellénisme entre le Ier siècle av. J.-C. et le IVe siècle ap. J.-C., se veut une contribution à l'histoire des phénomènes d'acculturation dans l'empire romain."--Page 4 of cover</subfield>
      </datafield>
      <datafield tag="650" ind1=" " ind2="0">
         <subfield code="a">Acculturation</subfield>
         <subfield code="z">Rome</subfield>
         <subfield code="v">Congresses.</subfield>
      </datafield>
      <datafield tag="650" ind1=" " ind2="0">
         <subfield code="a">Cultural pluralism</subfield>
         <subfield code="z">Rome</subfield>
         <subfield code="v">Congresses.</subfield>
      </datafield>
      <datafield tag="650" ind1=" " ind2="0">
         <subfield code="a">Hellenism</subfield>
         <subfield code="v">Congresses.</subfield>
      </datafield>
      <datafield tag="651" ind1=" " ind2="0">
         <subfield code="a">Rome</subfield>
         <subfield code="x">Civilization</subfield>
         <subfield code="x">Greek influences</subfield>
         <subfield code="v">Congresses.</subfield>
      </datafield>
      <datafield tag="651" ind1=" " ind2="0">
         <subfield code="a">Rome</subfield>
         <subfield code="x">Relations</subfield>
         <subfield code="z">Greece</subfield>
         <subfield code="v">Congresses.</subfield>
      </datafield>
      <datafield tag="651" ind1=" " ind2="0">
         <subfield code="a">Greece</subfield>
         <subfield code="x">Relations</subfield>
         <subfield code="z">Rome</subfield>
         <subfield code="v">Congresses.</subfield>
      </datafield>
      <datafield tag="651" ind1=" " ind2="0">
         <subfield code="a">Rome</subfield>
         <subfield code="x">Ethnic relations</subfield>
         <subfield code="v">Congresses.</subfield>
      </datafield>
      <datafield tag="651" ind1=" " ind2="0">
         <subfield code="a">Rome</subfield>
         <subfield code="x">Colonies</subfield>
         <subfield code="x">History</subfield>
         <subfield code="v">Congresses.</subfield>
      </datafield>
      <datafield tag="651" ind1=" " ind2="0">
         <subfield code="a">Rome</subfield>
         <subfield code="x">History</subfield>
         <subfield code="y">Empire, 30 B.C.-476 A.D.</subfield>
         <subfield code="v">Congresses.</subfield>
      </datafield>
      <datafield tag="651" ind1=" " ind2="7">
         <subfield code="a">Eastern Mediterranean (region (geographic))</subfield>
         <subfield code="2">tgn</subfield>
         <subfield code="0">http://vocab.getty.edu/page/tgn/7593196</subfield>
         <subfield code="5">NyNyUAW</subfield>
      </datafield>
      <datafield tag="650" ind1=" " ind2="7">
         <subfield code="a">Acculturation.</subfield>
         <subfield code="2">fast</subfield>
         <subfield code="0">(OCoLC)fst00795535</subfield>
      </datafield>
      <datafield tag="650" ind1=" " ind2="7">
         <subfield code="a">Civilization</subfield>
         <subfield code="x">Greek influences.</subfield>
         <subfield code="2">fast</subfield>
         <subfield code="0">(OCoLC)fst00862910</subfield>
      </datafield>
      <datafield tag="650" ind1=" " ind2="7">
         <subfield code="a">Cultural pluralism.</subfield>
         <subfield code="2">fast</subfield>
         <subfield code="0">(OCoLC)fst01715991</subfield>
      </datafield>
      <datafield tag="650" ind1=" " ind2="7">
         <subfield code="a">Ethnic relations.</subfield>
         <subfield code="2">fast</subfield>
         <subfield code="0">(OCoLC)fst00916005</subfield>
      </datafield>
      <datafield tag="650" ind1=" " ind2="7">
         <subfield code="a">Hellenism.</subfield>
         <subfield code="2">fast</subfield>
         <subfield code="0">(OCoLC)fst00954758</subfield>
      </datafield>
      <datafield tag="650" ind1=" " ind2="7">
         <subfield code="a">International relations.</subfield>
         <subfield code="2">fast</subfield>
         <subfield code="0">(OCoLC)fst00977053</subfield>
      </datafield>
      <datafield tag="650" ind1=" " ind2="7">
         <subfield code="a">Roman colonies.</subfield>
         <subfield code="2">fast</subfield>
         <subfield code="0">(OCoLC)fst01930865</subfield>
      </datafield>
      <datafield tag="651" ind1=" " ind2="7">
         <subfield code="a">Greece.</subfield>
         <subfield code="2">fast</subfield>
         <subfield code="0">(OCoLC)fst01208380</subfield>
      </datafield>
      <datafield tag="651" ind1=" " ind2="7">
         <subfield code="a">Rome (Empire)</subfield>
         <subfield code="2">fast</subfield>
         <subfield code="0">(OCoLC)fst01204885</subfield>
      </datafield>
      <datafield tag="648" ind1=" " ind2="7">
         <subfield code="a">30 B.C.-476 A.D.</subfield>
         <subfield code="2">fast</subfield>
      </datafield>
      <datafield tag="655" ind1=" " ind2="7">
         <subfield code="a">Conference papers and proceedings.</subfield>
         <subfield code="2">fast</subfield>
         <subfield code="0">(OCoLC)fst01423772</subfield>
      </datafield>
      <datafield tag="655" ind1=" " ind2="7">
         <subfield code="a">History.</subfield>
         <subfield code="2">fast</subfield>
         <subfield code="0">(OCoLC)fst01411628</subfield>
      </datafield>
      <datafield tag="700" ind1="1" ind2=" ">
         <subfield code="a">Brélaz, Cédric,</subfield>
         <subfield code="d">1976-</subfield>
         <subfield code="e">editor,</subfield>
         <subfield code="e">author.</subfield>
      </datafield>
      <datafield tag="830" ind1=" " ind2="0">
         <subfield code="a">Études d'archéologie et d'histoire ancienne.</subfield>
      </datafield>
      <datafield tag="OWN" ind1=" " ind2=" ">
         <subfield code="a">GENERAL</subfield>
      </datafield>
      <datafield tag="AVA" ind1=" " ind2=" ">
         <subfield code="a">NYU50</subfield>
         <subfield code="b">NISAW</subfield>
         <subfield code="c">Small Collection</subfield>
         <subfield code="d">DE2.5 .H47 2017 Non-circulating</subfield>
         <subfield code="e">unavailable</subfield>
         <subfield code="t">Unavailable</subfield>
         <subfield code="f">1</subfield>
         <subfield code="g">1</subfield>
         <subfield code="h">N</subfield>
         <subfield code="i">0</subfield>
         <subfield code="j">SMALL</subfield>
         <subfield code="k">0</subfield>
      </datafield>
      <marc:datafield tag="852" ind1=" " ind2=" ">
         <marc:subfield code="b">Institute for the Study of the Ancient World, </marc:subfield>
         <marc:subfield code="c">Small Collection</marc:subfield>
         <marc:subfield code="e">15 East 84th St., </marc:subfield>
         <marc:subfield code="e">New York, NY  10028</marc:subfield>
      </marc:datafield>
   </record>