
  
  
  
  
  
  
  
  
  
  
  
  
 
  
  <record xsi:schemaLocation="http://www.loc.gov/MARC21/slim http://www.loc.gov/standards/marcxml/schema/MARC21slim.xsd">
      <leader>00000cam a22      i 4500</leader>
      <controlfield tag="FMT">BK</controlfield>
      <controlfield tag="LDR">00000cam a22      i 4500</controlfield>
      <controlfield tag="001">006321137</controlfield>
      <controlfield tag="005">20180831135546.0</controlfield>
      <controlfield tag="008">180828s2017    gw       b    001 0 ger c</controlfield>
      <datafield tag="016" ind1="7" ind2=" ">
         <subfield code="a">1139207482</subfield>
         <subfield code="2">GyFmDB</subfield>
      </datafield>
      <datafield tag="020" ind1=" " ind2=" ">
         <subfield code="a">9783506788399</subfield>
         <subfield code="q">(pbk.)</subfield>
      </datafield>
      <datafield tag="020" ind1=" " ind2=" ">
         <subfield code="a">3506788396</subfield>
         <subfield code="q">(pbk.)</subfield>
      </datafield>
      <datafield tag="024" ind1="3" ind2=" ">
         <subfield code="a">9783506788399</subfield>
      </datafield>
      <datafield tag="035" ind1=" " ind2=" ">
         <subfield code="a">(OCoLC)1004658490</subfield>
         <subfield code="z">(OCoLC)1005297446</subfield>
         <subfield code="z">(OCoLC)1007843013</subfield>
      </datafield>
      <datafield tag="040" ind1=" " ind2=" ">
         <subfield code="a">OHX</subfield>
         <subfield code="b">eng</subfield>
         <subfield code="e">rda</subfield>
         <subfield code="c">OHX</subfield>
         <subfield code="d">CHVBK</subfield>
         <subfield code="d">UBY</subfield>
         <subfield code="d">OCLCO</subfield>
         <subfield code="d">EQO</subfield>
         <subfield code="d">YDX</subfield>
         <subfield code="d">OCLCF</subfield>
         <subfield code="d">YUS</subfield>
         <subfield code="d">STF</subfield>
         <subfield code="d">OCLCA</subfield>
         <subfield code="d">IUL</subfield>
         <subfield code="d">NNU</subfield>
      </datafield>
      <datafield tag="041" ind1="1" ind2=" ">
         <subfield code="a">ger</subfield>
         <subfield code="a">grc</subfield>
         <subfield code="a">eng</subfield>
         <subfield code="a">lat</subfield>
         <subfield code="h">grc</subfield>
      </datafield>
      <datafield tag="042" ind1=" " ind2=" ">
         <subfield code="a">pcc</subfield>
      </datafield>
      <datafield tag="050" ind1=" " ind2="4">
         <subfield code="a">PA4409</subfield>
         <subfield code="b">. B46 2017</subfield>
      </datafield>
      <datafield tag="072" ind1=" " ind2="7">
         <subfield code="a">PA</subfield>
         <subfield code="2">lcco</subfield>
      </datafield>
      <datafield tag="079" ind1=" " ind2=" ">
         <subfield code="a">(OCoLC)1004658490</subfield>
      </datafield>
      <datafield tag="100" ind1="1" ind2=" ">
         <subfield code="a">Benelli, Luca,</subfield>
         <subfield code="d">1984-</subfield>
         <subfield code="e">author.</subfield>
      </datafield>
      <datafield tag="245" ind1="1" ind2="0">
         <subfield code="a">Sapphostudien zu ausgewählten Fragmenten /</subfield>
         <subfield code="c">von Luca Benelli.</subfield>
      </datafield>
      <datafield tag="264" ind1=" " ind2="1">
         <subfield code="a">Paderborn :</subfield>
         <subfield code="b">Verlag Ferdinand Schöningh, ein Imprint der Brill-Gruppe,</subfield>
         <subfield code="c">[2017].</subfield>
      </datafield>
      <datafield tag="300" ind1=" " ind2=" ">
         <subfield code="a">2 volumes (xxii, 555 pages) ;</subfield>
         <subfield code="c">24 cm.</subfield>
      </datafield>
      <datafield tag="336" ind1=" " ind2=" ">
         <subfield code="a">text</subfield>
         <subfield code="2">rdacontent</subfield>
      </datafield>
      <datafield tag="337" ind1=" " ind2=" ">
         <subfield code="a">unmediated</subfield>
         <subfield code="2">rdamedia</subfield>
      </datafield>
      <datafield tag="338" ind1=" " ind2=" ">
         <subfield code="a">volume</subfield>
         <subfield code="2">rdacarrier</subfield>
      </datafield>
      <datafield tag="490" ind1="1" ind2=" ">
         <subfield code="a">Abhandlungen der Nordrhein-Westfälischen Akademie der Wissenschaften. Sonderreihe Papyrologica Coloniensia,</subfield>
         <subfield code="x">0944-8837 ;</subfield>
         <subfield code="v">vol. XXXIX</subfield>
      </datafield>
      <datafield tag="500" ind1=" " ind2=" ">
         <subfield code="a">Academy publication.</subfield>
      </datafield>
      <datafield tag="500" ind1=" " ind2=" ">
         <subfield code="a">Revison of the author's doctoral thesis, Universität Köln, 2014.</subfield>
      </datafield>
      <datafield tag="504" ind1=" " ind2=" ">
         <subfield code="a">Includes bibliographical references and indexes.</subfield>
      </datafield>
      <datafield tag="505" ind1="0" ind2="0">
         <subfield code="g">Danksagung --</subfield>
         <subfield code="g">Zeichenerklärung --</subfield>
         <subfield code="g">Abkürzungsverzeichnis --</subfield>
         <subfield code="g">Autorenabkürzungen --</subfield>
         <subfield code="g">Papyri --</subfield>
         <subfield code="g">Philologische und lateinische Abkürzungen --</subfield>
         <subfield code="g">Weitere Abkürzungen --</subfield>
         <subfield code="g">Symbole --</subfield>
         <subfield code="g">Bibliographische Abkürzungen --</subfield>
         <subfield code="g">Einleitung --</subfield>
         <subfield code="t">Ziel der Untersuchung und Stand der Forschung --</subfield>
         <subfield code="t">Editionskriterien --</subfield>
         <subfield code="t">Die Dichtersprache Sapphos und ihre Wiedergabe in der Textedition --</subfield>
         <subfield code="t">Sapphos Leben --</subfield>
         <subfield code="t">Der Kontext --</subfield>
         <subfield code="t">Die Überlieferung --</subfield>
         <subfield code="t">Untersuchungen zu Ausgewählten Fragmenten Sapphos : Text und Kommentar --</subfield>
         <subfield code="t">Fr. 9 --</subfield>
         <subfield code="t">Fr. 15 --</subfield>
         <subfield code="t">Fr. 19 --</subfield>
         <subfield code="t">Fr. 20 --</subfield>
         <subfield code="t">Fr. 22A --</subfield>
         <subfield code="t">Fr. 22B --</subfield>
         <subfield code="t">Fr. 26A --</subfield>
         <subfield code="t">Fr. 26B --</subfield>
         <subfield code="t">Fr. 27 --</subfield>
         <subfield code="t">Fr. 30 --</subfield>
         <subfield code="t">Fr. 31 --</subfield>
         <subfield code="t">Fr. 44 --</subfield>
         <subfield code="t">Fr. 44A --</subfield>
         <subfield code="t">Fr. 58A --</subfield>
         <subfield code="t">Fr. 58B --</subfield>
         <subfield code="t">Fr. 58C --</subfield>
         <subfield code="t">Fr. 58D --</subfield>
         <subfield code="t">Fr. 60 --</subfield>
         <subfield code="t">Fr. 88 --</subfield>
         <subfield code="t">Fr. 90 --</subfield>
         <subfield code="t">Anhang : Bemerkungen zu verschiedenen Stellen --</subfield>
         <subfield code="t">Fr. 2 V --</subfield>
         <subfield code="t">Fr. 21 V --</subfield>
         <subfield code="t">Fr. 32 V --</subfield>
         <subfield code="t">Fr. 57 V --</subfield>
         <subfield code="t">Fr. 63,7 V --</subfield>
         <subfield code="t">Fr. 64a-b V --</subfield>
         <subfield code="g">Bibliographie --</subfield>
         <subfield code="g">Indices --</subfield>
         <subfield code="g">Quellenindex --</subfield>
         <subfield code="g">Eigennamenindex --</subfield>
         <subfield code="g">Griechisch --</subfield>
         <subfield code="g">Sachindex.</subfield>
      </datafield>
      <datafield tag="546" ind1=" " ind2=" ">
         <subfield code="a">In German; includes texts in Greek (Ancient) with parallel German translation, and passages in English and Latin.</subfield>
      </datafield>
      <datafield tag="600" ind1="0" ind2="0">
         <subfield code="a">Sappho</subfield>
         <subfield code="x">Criticism and interpretation.</subfield>
      </datafield>
      <datafield tag="600" ind1="0" ind2="0">
         <subfield code="a">Sappho</subfield>
         <subfield code="x">Manuscripts.</subfield>
      </datafield>
      <datafield tag="650" ind1=" " ind2="0">
         <subfield code="a">Manuscripts, Greek (Papyri)</subfield>
         <subfield code="z">Egypt.</subfield>
         <subfield code="5">NyNyUAW</subfield>
      </datafield>
      <datafield tag="651" ind1=" " ind2="7">
         <subfield code="a">Aegyptus (Roman imperial province)</subfield>
         <subfield code="2">pleiades</subfield>
         <subfield code="0">https://pleiades.stoa.org/places/766</subfield>
         <subfield code="5">NyNyUAW</subfield>
      </datafield>
      <datafield tag="600" ind1="0" ind2="7">
         <subfield code="a">Sappho</subfield>
         <subfield code="d">ca. v7./6. Jh.</subfield>
         <subfield code="t">Fragmenta</subfield>
         <subfield code="2">gnd</subfield>
         <subfield code="0">(DE-588)7524095-6</subfield>
      </datafield>
      <datafield tag="600" ind1="0" ind2="7">
         <subfield code="a">Sappho.</subfield>
         <subfield code="2">fast</subfield>
         <subfield code="0">(OCoLC)fst00016361</subfield>
      </datafield>
      <datafield tag="650" ind1=" " ind2="0">
         <subfield code="a">Greek poetry</subfield>
         <subfield code="x">Manuscripts.</subfield>
      </datafield>
      <datafield tag="650" ind1=" " ind2="7">
         <subfield code="a">Greek poetry.</subfield>
         <subfield code="2">fast</subfield>
         <subfield code="0">(OCoLC)fst00947503</subfield>
      </datafield>
      <datafield tag="655" ind1=" " ind2="7">
         <subfield code="a">Criticism, interpretation, etc.</subfield>
         <subfield code="2">fast</subfield>
         <subfield code="0">(OCoLC)fst01411635</subfield>
      </datafield>
      <datafield tag="655" ind1=" " ind2="7">
         <subfield code="a">Manuscripts.</subfield>
         <subfield code="2">fast</subfield>
         <subfield code="0">(OCoLC)fst01424060</subfield>
      </datafield>
      <datafield tag="830" ind1=" " ind2="0">
         <subfield code="a">Abhandlungen der Nordrhein-Westfälischen Akademie der Wissenschaften.</subfield>
         <subfield code="p">Sonderreihe Papyrologica Coloniensia ;</subfield>
         <subfield code="v">v. 39.</subfield>
         <subfield code="x">0944-8837</subfield>
      </datafield>
      <datafield tag="OWN" ind1=" " ind2=" ">
         <subfield code="a">GENERAL</subfield>
      </datafield>
      <datafield tag="AVA" ind1=" " ind2=" ">
         <subfield code="a">NYU50</subfield>
         <subfield code="b">NISAW</subfield>
         <subfield code="c">Small Collection</subfield>
         <subfield code="d">PJ1014 .P3 v.39 2017 Non-circulating</subfield>
         <subfield code="e">unavailable</subfield>
         <subfield code="t">Unavailable</subfield>
         <subfield code="f">2</subfield>
         <subfield code="g">2</subfield>
         <subfield code="h">Y</subfield>
         <subfield code="i">0</subfield>
         <subfield code="j">SMALL</subfield>
         <subfield code="k">0</subfield>
      </datafield>
      <marc:datafield tag="852" ind1=" " ind2=" ">
         <marc:subfield code="b">Institute for the Study of the Ancient World, </marc:subfield>
         <marc:subfield code="c">Small Collection</marc:subfield>
         <marc:subfield code="e">15 East 84th St., </marc:subfield>
         <marc:subfield code="e">New York, NY  10028</marc:subfield>
      </marc:datafield>
   </record>