
  
  
  
  
  
  
  
  
  
  
  
  
  
  
  
 
  
  <record xsi:schemaLocation="http://www.loc.gov/MARC21/slim http://www.loc.gov/standards/marcxml/schema/MARC21slim.xsd">
      <leader>00000cam a2201669 i 4500</leader>
      <controlfield tag="FMT">BK</controlfield>
      <controlfield tag="LDR">00000cam a2201669 i 4500</controlfield>
      <controlfield tag="001">002515787</controlfield>
      <controlfield tag="003">OCoLC</controlfield>
      <controlfield tag="005">20180917121928.0</controlfield>
      <controlfield tag="008">770311m19769999gw ah    b    001 0 ger</controlfield>
      <datafield tag="010" ind1=" " ind2=" ">
         <subfield code="a">77454165</subfield>
      </datafield>
      <datafield tag="015" ind1=" " ind2=" ">
         <subfield code="a">GFR76-A</subfield>
         <subfield code="q">(v. 1)</subfield>
      </datafield>
      <datafield tag="016" ind1="7" ind2=" ">
         <subfield code="a">550738754</subfield>
         <subfield code="2">DE-101</subfield>
      </datafield>
      <datafield tag="016" ind1="7" ind2=" ">
         <subfield code="a">012542425</subfield>
         <subfield code="2">Uk</subfield>
      </datafield>
      <datafield tag="020" ind1=" " ind2=" ">
         <subfield code="a">3531099078</subfield>
         <subfield code="q">(Band 1)</subfield>
      </datafield>
      <datafield tag="020" ind1=" " ind2=" ">
         <subfield code="a">9783531099071</subfield>
         <subfield code="q">(Band 1)</subfield>
      </datafield>
      <datafield tag="020" ind1=" " ind2=" ">
         <subfield code="a">3531099094</subfield>
         <subfield code="q">(Band 2)</subfield>
      </datafield>
      <datafield tag="020" ind1=" " ind2=" ">
         <subfield code="a">9783531099095</subfield>
         <subfield code="q">(Band 2)</subfield>
      </datafield>
      <datafield tag="020" ind1=" " ind2=" ">
         <subfield code="a">3531099116</subfield>
         <subfield code="q">(Band 3)</subfield>
      </datafield>
      <datafield tag="020" ind1=" " ind2=" ">
         <subfield code="a">9783531099118</subfield>
         <subfield code="q">(Band 3)</subfield>
      </datafield>
      <datafield tag="020" ind1=" " ind2=" ">
         <subfield code="a">3531099159</subfield>
         <subfield code="q">(Band 4)</subfield>
      </datafield>
      <datafield tag="020" ind1=" " ind2=" ">
         <subfield code="a">9783531099156</subfield>
         <subfield code="q">(Band 4)</subfield>
      </datafield>
      <datafield tag="020" ind1=" " ind2=" ">
         <subfield code="a">3531099205</subfield>
         <subfield code="q">(Band 5)</subfield>
      </datafield>
      <datafield tag="020" ind1=" " ind2=" ">
         <subfield code="a">9783531099200</subfield>
         <subfield code="q">(Band 5)</subfield>
      </datafield>
      <datafield tag="020" ind1=" " ind2=" ">
         <subfield code="a">353109923X</subfield>
         <subfield code="q">(Band 6)</subfield>
      </datafield>
      <datafield tag="020" ind1=" " ind2=" ">
         <subfield code="a">9783531099231</subfield>
         <subfield code="q">(Band 6)</subfield>
      </datafield>
      <datafield tag="020" ind1=" " ind2=" ">
         <subfield code="a">3531099310</subfield>
         <subfield code="q">(Band 7)</subfield>
      </datafield>
      <datafield tag="020" ind1=" " ind2=" ">
         <subfield code="a">9783531099316</subfield>
         <subfield code="q">(Band 7)</subfield>
      </datafield>
      <datafield tag="020" ind1=" " ind2=" ">
         <subfield code="a">3531099426</subfield>
         <subfield code="q">(Band 8)</subfield>
      </datafield>
      <datafield tag="020" ind1=" " ind2=" ">
         <subfield code="a">9783531099422</subfield>
         <subfield code="q">(Band 8)</subfield>
      </datafield>
      <datafield tag="020" ind1=" " ind2=" ">
         <subfield code="a">3531099507</subfield>
         <subfield code="q">(Band 9)</subfield>
      </datafield>
      <datafield tag="020" ind1=" " ind2=" ">
         <subfield code="a">9783531099507</subfield>
         <subfield code="q">(Band 9)</subfield>
      </datafield>
      <datafield tag="020" ind1=" " ind2=" ">
         <subfield code="a">3506717529</subfield>
         <subfield code="q">(Band 10)</subfield>
      </datafield>
      <datafield tag="020" ind1=" " ind2=" ">
         <subfield code="a">9783506717528</subfield>
         <subfield code="q">(Band 10)</subfield>
      </datafield>
      <datafield tag="020" ind1=" " ind2=" ">
         <subfield code="a">9783506764874</subfield>
         <subfield code="q">(Band 11 ;</subfield>
         <subfield code="q">alk. paper)</subfield>
      </datafield>
      <datafield tag="020" ind1=" " ind2=" ">
         <subfield code="a">350676487X</subfield>
         <subfield code="q">(Band 11 ;</subfield>
         <subfield code="q">alk. paper)</subfield>
      </datafield>
      <datafield tag="020" ind1=" " ind2=" ">
         <subfield code="a">9783506770080</subfield>
         <subfield code="q">(Band 12 ;</subfield>
         <subfield code="q">alk. paper)</subfield>
      </datafield>
      <datafield tag="020" ind1=" " ind2=" ">
         <subfield code="a">350677008X</subfield>
         <subfield code="q">(Band 12 ;</subfield>
         <subfield code="q">alk. paper)</subfield>
      </datafield>
      <datafield tag="020" ind1=" " ind2=" ">
         <subfield code="a">9783506777676</subfield>
         <subfield code="q">(Band 13 ;</subfield>
         <subfield code="q">alk. paper)</subfield>
         <subfield code="z">9783506777677</subfield>
      </datafield>
      <datafield tag="020" ind1=" " ind2=" ">
         <subfield code="a">350677767X</subfield>
         <subfield code="q">(Band 13 ;</subfield>
         <subfield code="q">alk. paper)</subfield>
      </datafield>
      <datafield tag="020" ind1=" " ind2=" ">
         <subfield code="a">9783506783844</subfield>
         <subfield code="q">(Band 14 ;</subfield>
         <subfield code="q">alk. paper)</subfield>
      </datafield>
      <datafield tag="020" ind1=" " ind2=" ">
         <subfield code="a">350678384X</subfield>
         <subfield code="q">(Band 14 ;</subfield>
         <subfield code="q">alk. paper)</subfield>
      </datafield>
      <datafield tag="020" ind1=" " ind2=" ">
         <subfield code="a">9783506788580</subfield>
         <subfield code="q">(Band 15)</subfield>
      </datafield>
      <datafield tag="020" ind1=" " ind2=" ">
         <subfield code="a">3506788582</subfield>
         <subfield code="q">(Band 15)</subfield>
      </datafield>
      <datafield tag="020" ind1=" " ind2=" ">
         <subfield code="a">9783506715388</subfield>
         <subfield code="q">(Band 16)</subfield>
      </datafield>
      <datafield tag="020" ind1=" " ind2=" ">
         <subfield code="a">3506715380</subfield>
         <subfield code="q">(Band 16)</subfield>
      </datafield>
      <datafield tag="035" ind1=" " ind2=" ">
         <subfield code="a">(OCoLC)2874812</subfield>
         <subfield code="z">(OCoLC)2848264</subfield>
         <subfield code="z">(OCoLC)48399843</subfield>
         <subfield code="z">(OCoLC)181822904</subfield>
         <subfield code="z">(OCoLC)502655987</subfield>
         <subfield code="z">(OCoLC)816404782</subfield>
         <subfield code="z">(OCoLC)877410246</subfield>
         <subfield code="z">(OCoLC)913568958</subfield>
         <subfield code="z">(OCoLC)1006229929</subfield>
      </datafield>
      <datafield tag="040" ind1=" " ind2=" ">
         <subfield code="a">DLC</subfield>
         <subfield code="b">eng</subfield>
         <subfield code="e">rda</subfield>
         <subfield code="c">DLC</subfield>
         <subfield code="d">FIL</subfield>
         <subfield code="d">OHX</subfield>
         <subfield code="d">NLGGC</subfield>
         <subfield code="d">UBY</subfield>
         <subfield code="d">HEBIS</subfield>
         <subfield code="d">ESSAL</subfield>
         <subfield code="d">CGU</subfield>
         <subfield code="d">YDXCP</subfield>
         <subfield code="d">UKMGB</subfield>
         <subfield code="d">ZCU</subfield>
         <subfield code="d">MUU</subfield>
         <subfield code="d">OCLCF</subfield>
         <subfield code="d">KIJ</subfield>
         <subfield code="d">IG#</subfield>
         <subfield code="d">OCLCQ</subfield>
         <subfield code="d">UBY</subfield>
         <subfield code="d">IPS</subfield>
         <subfield code="d">IUL</subfield>
         <subfield code="d">UBY</subfield>
         <subfield code="d">OCL</subfield>
         <subfield code="d">DHA</subfield>
         <subfield code="d">OCLCA</subfield>
         <subfield code="d">HLS</subfield>
         <subfield code="d">BHA</subfield>
         <subfield code="d">HCH</subfield>
         <subfield code="d">OCLCQ</subfield>
         <subfield code="d">OCLCO</subfield>
         <subfield code="d">CGU</subfield>
         <subfield code="d">UBY</subfield>
         <subfield code="d">NNU</subfield>
      </datafield>
      <datafield tag="041" ind1="0" ind2=" ">
         <subfield code="a">ger</subfield>
         <subfield code="a">grc</subfield>
         <subfield code="a">lat</subfield>
      </datafield>
      <datafield tag="042" ind1=" " ind2=" ">
         <subfield code="a">pcc</subfield>
      </datafield>
      <datafield tag="043" ind1=" " ind2=" ">
         <subfield code="a">e-gx---</subfield>
      </datafield>
      <datafield tag="050" ind1="0" ind2="0">
         <subfield code="a">PJ1014</subfield>
         <subfield code="b">.P3 vol. 7</subfield>
         <subfield code="a">PA3308</subfield>
      </datafield>
      <datafield tag="072" ind1=" " ind2="7">
         <subfield code="a">PA</subfield>
         <subfield code="2">lcco</subfield>
      </datafield>
      <datafield tag="079" ind1=" " ind2=" ">
         <subfield code="a">(OCoLC)2874812</subfield>
      </datafield>
      <datafield tag="082" ind1="0" ind2="4">
         <subfield code="a">481.7</subfield>
         <subfield code="b">A664w, v.7</subfield>
      </datafield>
      <datafield tag="084" ind1=" " ind2=" ">
         <subfield code="a">15.28</subfield>
         <subfield code="2">bcl</subfield>
      </datafield>
      <datafield tag="084" ind1=" " ind2=" ">
         <subfield code="a">481.73</subfield>
         <subfield code="2">z</subfield>
      </datafield>
      <datafield tag="245" ind1="0" ind2="0">
         <subfield code="a">Kölner Papyri :</subfield>
         <subfield code="b">(P. Köln) /</subfield>
         <subfield code="c">bearbeitet von Bärbel Kramer und Robert Hübner.</subfield>
      </datafield>
      <datafield tag="264" ind1=" " ind2="1">
         <subfield code="3">Band 1-9 :</subfield>
         <subfield code="a">Opladen :</subfield>
         <subfield code="b">Westdeutscher Verlag,</subfield>
         <subfield code="c">[1976]-</subfield>
      </datafield>
      <datafield tag="264" ind1=" " ind2="4">
         <subfield code="c">©1976-</subfield>
         <subfield code="c">©2018</subfield>
      </datafield>
      <datafield tag="264" ind1="3" ind2="1">
         <subfield code="3">Band 10- :</subfield>
         <subfield code="a">Paderborn :</subfield>
         <subfield code="b">Ferdinand Schöningh</subfield>
      </datafield>
      <datafield tag="300" ind1=" " ind2=" ">
         <subfield code="a">volumes :</subfield>
         <subfield code="b">illustrations, facsimiles ;</subfield>
         <subfield code="c">24-25 cm.</subfield>
      </datafield>
      <datafield tag="336" ind1=" " ind2=" ">
         <subfield code="a">text</subfield>
         <subfield code="b">txt</subfield>
         <subfield code="2">rdacontent</subfield>
      </datafield>
      <datafield tag="336" ind1=" " ind2=" ">
         <subfield code="a">still image</subfield>
         <subfield code="b">sti</subfield>
         <subfield code="2">rdacontent</subfield>
      </datafield>
      <datafield tag="337" ind1=" " ind2=" ">
         <subfield code="a">unmediated</subfield>
         <subfield code="b">n</subfield>
         <subfield code="2">rdamedia</subfield>
      </datafield>
      <datafield tag="338" ind1=" " ind2=" ">
         <subfield code="a">volume</subfield>
         <subfield code="b">nc</subfield>
         <subfield code="2">rdacarrier</subfield>
      </datafield>
      <datafield tag="490" ind1="1" ind2=" ">
         <subfield code="3">Band 1-7:</subfield>
         <subfield code="a">Abhandlungen der Rheinisch-Westfälischen Akademie der Wissenschaften. Sonderreihe Papyrologica Coloniensia,</subfield>
         <subfield code="x">0078-9410 ;</subfield>
         <subfield code="v">vol. VII</subfield>
      </datafield>
      <datafield tag="490" ind1="1" ind2=" ">
         <subfield code="3">Band 8-:</subfield>
         <subfield code="a">Abhandlungen der Nordrhein-Westfälischen Akademie der Wissenschaften und der Künste. Sonderreihe Papyrologica Coloniensia,</subfield>
         <subfield code="x">0078-9410 ;</subfield>
         <subfield code="v">vol. VII</subfield>
      </datafield>
      <datafield tag="546" ind1=" " ind2=" ">
         <subfield code="a">Greek or Latin, with translations, notes, and introductory matter in German.</subfield>
      </datafield>
      <datafield tag="500" ind1=" " ind2=" ">
         <subfield code="a">Band 2 edited by Bärbel Kramer und Dieter Hagedorn.</subfield>
      </datafield>
      <datafield tag="500" ind1=" " ind2=" ">
         <subfield code="a">Band 3 bearbeitet von Bärbel Kramer, Michael Erler, Dieter Hagedorn, und Robert Hübner.</subfield>
      </datafield>
      <datafield tag="500" ind1=" " ind2=" ">
         <subfield code="a">Band 4 bearbeitet von Bárbel Kramer, Cornelia Römer und Dieter Hagedorn.</subfield>
      </datafield>
      <datafield tag="500" ind1=" " ind2=" ">
         <subfield code="a">Band 5 bearbeitet von Michael Gronewald, Klaus Maresch und Wolfgang Schäfer.</subfield>
      </datafield>
      <datafield tag="500" ind1=" " ind2=" ">
         <subfield code="a">Band 6 bearbeitet von Michael Gronewald, Bärbel Kramer, Klaus Maresch, Maryline Parca und Cornelia Römer.</subfield>
      </datafield>
      <datafield tag="500" ind1=" " ind2=" ">
         <subfield code="a">Band 7 bearbeitet von Michael Gronewald und Klaus Maresch.</subfield>
      </datafield>
      <datafield tag="500" ind1=" " ind2=" ">
         <subfield code="a">Band 8 bearbeitet von Michael Gronewald, Klaus Maresch und Cornelia Römer.</subfield>
      </datafield>
      <datafield tag="500" ind1=" " ind2=" ">
         <subfield code="a">Band 9 bearbeitet von Michael Gronewald, Giuseppina Azzarello, John Lundon, Klaus Maresch, Fabian Reiter, Gesa Schenke, William H. WIllis.</subfield>
      </datafield>
      <datafield tag="500" ind1=" " ind2=" ">
         <subfield code="a">Band 10 bearbeitet von Michael Gronewald, Klaus Maresch, Fabian Reiter, Gesa Schenke, Giuseppina Azzarello, Patrick Brosch, Jean-Luc Fournet, Holger Kockelmann, Hendrick Obsieger und Christian Schwemer.</subfield>
      </datafield>
      <datafield tag="500" ind1=" " ind2=" ">
         <subfield code="a">Band 11 bearbeitet von Charikleia Armoni, Michael Gronewald, Klaus Maresch, Giuseppina Azzarello, Robert Daniel, Jean-Luc Fournet, Charlotte Lehmann, Daniela C. Luft, John Lundon, Franco Maltomini, Fabian Reiter, Gesa Schenke.</subfield>
      </datafield>
      <datafield tag="500" ind1=" " ind2=" ">
         <subfield code="a">Band 12 bearbeitet von Charikleia Armoni, Michael Gronewald, John Lundon, Klaus Maresch, Fabien Reiter, Gesa Schenke.</subfield>
      </datafield>
      <datafield tag="500" ind1=" " ind2=" ">
         <subfield code="a">Band 13 bearbeitet von Michale Gronewald, John Lundon, Klaus Maresch, Gesa Schenke, Philipp Schmitz.</subfield>
      </datafield>
      <datafield tag="500" ind1=" " ind2=" ">
         <subfield code="a">Band 14 bearbeitet von Charikleia Armoni, Jean-Luc Fournet, Michael Gronewald, Sophie Kovarak, Klaus Maresch, mit Beiträgen von Thomas Backhuys, John Lundon, Gesa Schenke, Natalia Vega.</subfield>
      </datafield>
      <datafield tag="500" ind1=" " ind2=" ">
         <subfield code="a">Band 15 bearbeitet von Charikleia Armoni, Thomas Backhuys, Robert W. Daniel, Jannik Korte, Klaus Maresch, Gesa Schenke, Alkestis A. Spinou, Wolfgang Wegner.</subfield>
      </datafield>
      <datafield tag="500" ind1=" " ind2=" ">
         <subfield code="a">Band 16 bearbeitet fon Thomas Backhuys.</subfield>
      </datafield>
      <datafield tag="500" ind1=" " ind2=" ">
         <subfield code="a">Band 3- issued "in Zusammenarbeit mit der Arbeitsstelle für Papyrusforschung im Institut für Altertumskunde der Universität zu Köln."</subfield>
      </datafield>
      <datafield tag="504" ind1=" " ind2=" ">
         <subfield code="a">Includes bibliographical references and indexes.</subfield>
      </datafield>
      <datafield tag="650" ind1=" " ind2="0">
         <subfield code="a">Manuscripts, Greek (Papyri)</subfield>
         <subfield code="z">Germany</subfield>
         <subfield code="z">Cologne.</subfield>
      </datafield>
      <datafield tag="700" ind1="1" ind2=" ">
         <subfield code="a">Armoni, Charikleia A.,</subfield>
         <subfield code="e">editor.</subfield>
      </datafield>
      <datafield tag="700" ind1="1" ind2=" ">
         <subfield code="a">Azzarello, Giuseppina,</subfield>
         <subfield code="e">editor.</subfield>
      </datafield>
      <datafield tag="700" ind1="1" ind2=" ">
         <subfield code="a">Backhuys, Thomas,</subfield>
         <subfield code="e">editor.</subfield>
      </datafield>
      <datafield tag="700" ind1="1" ind2=" ">
         <subfield code="a">Brosch, Patrick,</subfield>
         <subfield code="e">editor.</subfield>
      </datafield>
      <datafield tag="700" ind1="1" ind2=" ">
         <subfield code="a">Daniel, Robert W.</subfield>
         <subfield code="q">(Robert Walter),</subfield>
         <subfield code="e">editor.</subfield>
      </datafield>
      <datafield tag="700" ind1="1" ind2=" ">
         <subfield code="a">Erler, Michael,</subfield>
         <subfield code="e">editor.</subfield>
      </datafield>
      <datafield tag="700" ind1="1" ind2=" ">
         <subfield code="a">Fournet, Jean-Luc,</subfield>
         <subfield code="e">editor.</subfield>
      </datafield>
      <datafield tag="700" ind1="1" ind2=" ">
         <subfield code="a">Gronewald, Michael,</subfield>
         <subfield code="e">editor.</subfield>
      </datafield>
      <datafield tag="700" ind1="1" ind2=" ">
         <subfield code="a">Hagedorn, Dieter,</subfield>
         <subfield code="e">editor.</subfield>
      </datafield>
      <datafield tag="700" ind1="1" ind2=" ">
         <subfield code="a">Hübner, Robert,</subfield>
         <subfield code="e">editor.</subfield>
      </datafield>
      <datafield tag="700" ind1="1" ind2=" ">
         <subfield code="a">Kockelmann, Holger,</subfield>
         <subfield code="e">editor.</subfield>
      </datafield>
      <datafield tag="700" ind1="1" ind2=" ">
         <subfield code="a">Korte, Jannik,</subfield>
         <subfield code="e">editor.</subfield>
      </datafield>
      <datafield tag="700" ind1="1" ind2=" ">
         <subfield code="a">Kovarik, Sophie,</subfield>
         <subfield code="e">editor.</subfield>
      </datafield>
      <datafield tag="700" ind1="1" ind2=" ">
         <subfield code="a">Kramer, Bärbel,</subfield>
         <subfield code="e">editor.</subfield>
      </datafield>
      <datafield tag="700" ind1="1" ind2=" ">
         <subfield code="a">Lehmann, Charlotte</subfield>
         <subfield code="c">(Papyrologist),</subfield>
         <subfield code="e">editor.</subfield>
      </datafield>
      <datafield tag="700" ind1="1" ind2=" ">
         <subfield code="a">Luft, Daniela C.,</subfield>
         <subfield code="e">editor.</subfield>
      </datafield>
      <datafield tag="700" ind1="1" ind2=" ">
         <subfield code="a">Lundon, John,</subfield>
         <subfield code="e">editor.</subfield>
      </datafield>
      <datafield tag="700" ind1="1" ind2=" ">
         <subfield code="a">Maltomini, Franco,</subfield>
         <subfield code="e">editor.</subfield>
      </datafield>
      <datafield tag="700" ind1="1" ind2=" ">
         <subfield code="a">Maresch, Klaus,</subfield>
         <subfield code="e">editor.</subfield>
      </datafield>
      <datafield tag="700" ind1="1" ind2=" ">
         <subfield code="a">Obsieger, Hendrik,</subfield>
         <subfield code="d">1972-</subfield>
         <subfield code="e">editor.</subfield>
      </datafield>
      <datafield tag="700" ind1="1" ind2=" ">
         <subfield code="a">Parca, Maryline G.,</subfield>
         <subfield code="e">editor.</subfield>
      </datafield>
      <datafield tag="700" ind1="1" ind2=" ">
         <subfield code="a">Reiter, Fabian,</subfield>
         <subfield code="e">editor.</subfield>
      </datafield>
      <datafield tag="700" ind1="1" ind2=" ">
         <subfield code="a">Römer, Cornelia,</subfield>
         <subfield code="e">editor.</subfield>
      </datafield>
      <datafield tag="700" ind1="1" ind2=" ">
         <subfield code="a">Schäfer, Wolfgang</subfield>
         <subfield code="c">(Papyrologist),</subfield>
         <subfield code="e">editor.</subfield>
      </datafield>
      <datafield tag="700" ind1="1" ind2=" ">
         <subfield code="a">Schenke, Gesa,</subfield>
         <subfield code="e">editor.</subfield>
      </datafield>
      <datafield tag="700" ind1="1" ind2=" ">
         <subfield code="a">Schmitz, Philip</subfield>
         <subfield code="c">(Papyrologist),</subfield>
         <subfield code="e">editor.</subfield>
      </datafield>
      <datafield tag="700" ind1="1" ind2=" ">
         <subfield code="a">Schwemer, Christian,</subfield>
         <subfield code="e">editor.</subfield>
      </datafield>
      <datafield tag="700" ind1="1" ind2=" ">
         <subfield code="a">Spinou, Alkestis A.,</subfield>
         <subfield code="e">editor.</subfield>
      </datafield>
      <datafield tag="700" ind1="1" ind2=" ">
         <subfield code="a">Vega, Natalia,</subfield>
         <subfield code="e">editor.</subfield>
      </datafield>
      <datafield tag="700" ind1="1" ind2=" ">
         <subfield code="a">Wegner, Wolfgang</subfield>
         <subfield code="c">(Egyptologist),</subfield>
         <subfield code="e">editor.</subfield>
      </datafield>
      <datafield tag="700" ind1="1" ind2=" ">
         <subfield code="a">Willis, William H.,</subfield>
         <subfield code="e">editor.</subfield>
      </datafield>
      <datafield tag="710" ind1="2" ind2=" ">
         <subfield code="a">Universität zu Köln.</subfield>
         <subfield code="b">Arbeitsstelle für Papyrusforschung,</subfield>
         <subfield code="e">issuing body.</subfield>
      </datafield>
      <datafield tag="830" ind1=" " ind2="0">
         <subfield code="a">Abhandlungen der Nordrhein-Westfälischen Akademie der Wissenschaften.</subfield>
         <subfield code="p">Sonderreihe Papyrologica Coloniensia ;</subfield>
         <subfield code="v">v. 7.</subfield>
      </datafield>
      <datafield tag="856" ind1="4" ind2="2">
         <subfield code="z">Images of and technical information about the papyri is available here</subfield>
         <subfield code="u">https://papyri.uni-koeln.de/publications</subfield>
      </datafield>
      <datafield tag="OWN" ind1=" " ind2=" ">
         <subfield code="a">GENERAL</subfield>
      </datafield>
      <datafield tag="AVA" ind1=" " ind2=" ">
         <subfield code="a">NYU50</subfield>
         <subfield code="b">BOBST</subfield>
         <subfield code="c">Main Collection</subfield>
         <subfield code="d">PJ1014 .P3 vol.7</subfield>
         <subfield code="e">check_holdings</subfield>
         <subfield code="t">Check Holdings</subfield>
         <subfield code="h">Y</subfield>
         <subfield code="j">MAIN</subfield>
         <subfield code="k">0</subfield>
      </datafield>
      <datafield tag="AVA" ind1=" " ind2=" ">
         <subfield code="a">NYU50</subfield>
         <subfield code="b">NISAW</subfield>
         <subfield code="c">Small Collection</subfield>
         <subfield code="d">PJ1014 .P3 vol. 7 Non-circulating</subfield>
         <subfield code="e">available</subfield>
         <subfield code="t">Available</subfield>
         <subfield code="f">2</subfield>
         <subfield code="g">0</subfield>
         <subfield code="h">Y</subfield>
         <subfield code="i">0</subfield>
         <subfield code="j">SMALL</subfield>
         <subfield code="k">0</subfield>
      </datafield>
      <marc:datafield tag="852" ind1=" " ind2=" ">
         <marc:subfield code="b">Institute for the Study of the Ancient World, </marc:subfield>
         <marc:subfield code="c">Small Collection</marc:subfield>
         <marc:subfield code="e">15 East 84th St., </marc:subfield>
         <marc:subfield code="e">New York, NY  10028</marc:subfield>
      </marc:datafield>
   </record>